5138 6518
674 505 745 576 168

673 709 733 797 60,
753 725 803 795 77;
836 700 951 802 sarpa
977 703 1038 794 30,
1057 708 1110 792 77;
1143 687 1252 776 7771777
1277 703 1337 792 93,
1358 718 1408 791 77;
1430 697 1565 800 plebeis
1592 704 1651 792 71,
1670 713 1717 776 77.
1747 704 1807 794 74,
1828 714 1855 776 6.
1884 706 1944 794 77,
1964 711 2015 793 77,
2049 701 2244 804 quaestores

674 837 734 926 69,
750 842 784 904 77
811 842 995 906 servatum
1021 829 1116 922 ideo,
1153 830 1255 929 quod
1278 827 1448 906 librarius
1474 854 1543 928 pro
1569 828 1736 928 genetivo
1763 830 1893 905 habuit
1918 831 1980 929 (of.
2002 834 2061 923 69,
2075 832 2145 928 77);
2169 829 2244 906 Vua

673 965 733 1053 80,
752 979 798 1033 77.
829 961 913 1050 104,
932 967 978 1032 77.
1009 960 1093 1048 118,
1114 977 1159 1048 77,
1186 956 1274 1032 item
1302 959 1362 1049 79,
1383 977 1427 1031 7ο.
1457 959 1541 1048 109,
1561 973 1589 1049 7,
1622 956 1685 1032 uhi
1711 982 1735 1031 a
1759 955 1845 1032 Bea'e
1869 957 2017 1034 librario
2043 959 2162 1034 visum
2188 971 2244 1034 est

672 1087 874 1186 significare
900 1085 944 1160 ab
970 1083 1030 1160 777.
1075 1085 1248 1160 Eiusdem
1274 1083 1416 1184 generis
1442 1094 1529 1160 sunt
1552 1085 1715 1186 perfecta
1734 1083 1834 1184 perit
1859 1089 1917 1176 11,
1934 1100 1986 1176 77;
2012 1085 2099 1186 petit
2121 1090 2180 1177 76,
2196 1103 2243 1175 77,

670 1216 758 1290 item
784 1213 939 1290 76777777
964 1216 1024 1305 30,
1044 1221 1091 1304 77,
1118 1211 1444 1305 accentuare,
1472 1210 1600 1288 dathae
1619 1215 1679 1303 71,
1699 1225 1745 1305 67,
1774 1211 1883 1288 eahae
1909 1217 1969 1304 70,
1989 1233 2005 1284 7
2032 1225 2069 1288 77
2094 1213 2245 1290 exurent

672 1345 707 1433 3,
728 1362 772 1416 77.
825 1341 1022 1417 Diversum
1055 1351 1126 1431 est,
1159 1341 1260 1439 quod
1293 1339 1331 1414 in
1361 1339 1529 1440 genetivo
1562 1339 1753 1440 singularis
1786 1340 1974 1416 nominum
2008 1341 2244 1443 propriorum

671 1480 883 1546 constanter
907 1467 1083 1544 remansit
1106 1468 1226 1542 forma
1251 1477 1457 1560 contrecta,
1493 1489 1624 1567 nempe
1648 1467 1687 1541 in
1713 1465 1802 1542 Anti
1827 1472 1885 1558 14,
1900 1487 1952 1559 ³²3
1988 1467 2085 1569 Appi
2110 1471 2169 1560 97,
2188 1479 2239 1559 77;

671 1595 803 1674 Seruili
826 1601 886 1688 57,
906 1616 939 1687 7;
981 1592 1151 1670 Tolumni
1175 1599 1235 1686 55,
1255 1613 1310 1685 2³3
1355 1593 1474 1670 Valeri
1496 1598 1531 1687 9,
1551 1615 1602 1686 203
1633 1593 1776 1694 Verpa'ai
1798 1599 1858 1687 98,
1879 1615 1930 1688 77;
1966 1595 2081 1672 Volsci
2106 1599 2164 1686 19,
2190 1617 2240 1686 7ο;

675 1723 816 1801 Volturci
841 1726 899 1816 16,
920 1743 964 1797 77.
1009 1724 1135 1824 Ipsum
1159 1721 1303 1797 Livium
1334 1722 1575 1824 exemplaque
1606 1723 1684 1798 eius
1715 1724 1918 1799 vetustiora
1949 1724 2065 1798 multo
2098 1723 2243 1823 saepius

671 1853 863 1929 retinuisse
892 1850 909 1925 a'
938 1850 1139 1950 simplicem
1168 1875 1288 1949 neque
1318 1876 1393 1925 uno
1426 1850 1508 1927 loco
1540 1849 1821 1950 geminationem
1853 1851 2018 1926 intulisse
2053 1851 2243 1927 librarium

672 2007 756 2057 cum
786 2005 833 2056 ex
863 2005 976 2080 supra
1006 1978 1125 2052 allatis
1156 1977 1331 2079 exemplis
1365 1976 1576 2078 quaestoris,
1609 1977 1653 2052 ab
1681 1975 1746 2069 ets,
1777 1975 1884 2052 aimei
1915 1979 2114 2078 colligitur,
2148 2002 2242 2078 quae

672 2109 810 2184 intacta
834 2115 1089 2182 remanserunt
1104 2116 1302 2207 propterea
1328 2107 1429 2204 quod
1446 2131 1520 2180 non
1547 2104 1855 2205 intellegerentur,
1881 2115 1960 2182 tum
1979 2131 2025 2182 ex
2052 2106 2241 2182 solutioni-

672 2236 742 2312 bus
768 2235 846 2311 eius
870 2233 1012 2334 generis
1043 2258 1236 2334 perperam
1260 2233 1384 2325 factis,
1417 2258 1492 2332 quo
1524 2233 1709 2334 pertinent
1732 2233 1892 2308 vocativi
1920 2231 2078 2310 Cornelii
2103 2236 2187 2324 190,
2206 2251 2242 2304 77

673 2374 711 2438 77
739 2359 871 2438 Valerii
896 2365 980 2453 119,
1004 2381 1056 2452 79,
1095 2361 1285 2461 genetivus
1307 2359 1464 2461 publicii
1489 2364 1573 2453 190,
1598 2370 1649 2453 77,
1690 2361 1872 2438 ablativus
1903 2359 2084 2438 Hae-naeu
2110 2365 2169 2452 64,
2193 2380 2240 2452 79,

674 2490 831 2590 denique
856 2486 993 2565 Palatii
1021 2492 1106 2581 104,
1125 2497 1160 2564 77
1190 2515 1259 2588 pro
1290 2487 1483 2588 participio
1515 2491 1616 2588 quod
1650 2499 1706 2564 est
1727 2486 1849 2589 palati
1876 2499 1913 2564 et
1937 2487 2006 2564 tib
2032 2492 2093 2581 49,
2112 2509 2146 2564 77
2173 2515 2241 2590 pro

672 2617 714 2694 ia
757 2617 1001 2694 Nihilominus
1027 2641 1112 2692 cum
1138 2615 1225 2691 satis
1251 2626 1396 2692 constet
1421 2625 1541 2691 aetate
1557 2617 1725 2715 Augusta
1749 2615 1786 2691 in
1812 2616 1870 2692 his
1892 2617 2056 2694 vocalem
2080 2617 2241 2718 plerum-

674 2771 746 2845 que
772 2745 995 2845 duplicatam
1022 2769 1111 2834 esse,
1138 2745 1203 2818 sed
1230 2751 1272 2817 ut
1297 2743 1551 2843 exciperentur
1576 2743 1724 2820 nomina
1740 2743 1891 2844 propria
1916 2745 1969 2842 (id
1997 2747 2097 2845 quod
2123 2769 2240 2846 nuper

674 2873 783 2949 docui
814 2872 853 2946 in
889 2871 1047 2948 Hermae
1078 2871 1150 2946 vol.
1181 2876 1200 2944 l
1231 2895 1269 2970 p.
1293 2872 1385 2970 461)
1424 2895 1491 2946 nec
1526 2872 1747 2948 credendum
1780 2871 1829 2946 sit
1860 2873 2112 2973 exceptionem
2145 2873 2241 2949 hanc

669 3011 812 3076 mature
838 2999 1096 3091 oblitteratam,
1123 2997 1260 3098 quippe
1281 3023 1391 3098 quam
1410 3008 1554 3075 constet
1570 3009 1607 3074 et
1631 2997 1670 3074 iu
1695 2997 1812 3074 titulis
1827 2998 2011 3099 plebeium
2037 3025 2241 3077 sermonem

670 3127 909 3204 referentibus
935 3127 1145 3228 saepissime
1171 3125 1314 3226 neglegi
1339 3135 1376 3200 et
1400 3125 1561 3226 ignorari
1586 3152 1609 3200 7
1633 3127 1893 3226 grammatistis
1910 3126 2049 3202 Latinis
2075 3127 2120 3204 iis
2146 3153 2240 3227 quos

670 3256 847 3332 habemus
882 3255 1067 3344 omnibus,
1100 3253 1235 3330 codicis
1265 3253 1375 3329 huius
1406 3253 1596 3329 librarium
1626 3279 1673 3328 ex
1710 3281 1777 3330 sua
1810 3254 1924 3355 ipsius
1961 3254 2129 3332 doctrina
2162 3266 2239 3330 tam

579 3469 582 3474 ,
672 3383 864 3483 diligenter
889 3383 1119 3472 observasse,
1156 3381 1228 3456 hoc
1259 3382 1518 3456 documentum
1550 3392 1606 3457 est
1636 3381 1771 3458 codicis
1797 3381 2017 3460 Veronensis
2047 3383 2239 3482 orthogra-

616 3519 618 3524 ’
672 3510 798 3610 phium
822 3508 859 3584 in
886 3508 1096 3584 universum
1121 3519 1290 3584 accurate
1315 3508 1451 3584 referre
1476 3509 1668 3609 pristinam
1691 3508 1892 3586 Livianam.

822 3635 858 3712 ei
881 3635 1074 3736 antiquum
1098 3636 1208 3736 plane
1234 3637 1339 3712 abest
1364 3661 1386 3710 a
1411 3635 1614 3712 Veronensi
1645 3636 1750 3712 libro.
1802 3634 1932 3736 Neque
1963 3637 2058 3714 enim
2084 3637 2238 3714 adeam

673 3764 972 3864 orthographiam
996 3762 1155 3864 pertinet
1177 3762 1322 3838 dativus
1344 3763 1537 3863 singularis
1554 3761 1681 3864 plebei,
1709 3789 1802 3863 quae
1827 3764 1946 3840 forma
1963 3790 2047 3840 cum
2064 3765 2174 3842 etiam
2193 3791 2239 3841 ex

672 3891 752 3966 aliis
776 3891 888 3969 libris
901 3891 1007 3966 Livio
1033 3891 1218 3967 vindicata
1244 3889 1291 3966 sit
1315 3891 1366 3989 (v.
1393 3889 1592 3967 Schneider
1616 3916 1768 3991 gramm.
1795 3888 1875 3968 Lat.
1904 3895 1939 3984 9,
1959 3893 2066 3991 359),
2097 3893 2169 3968 iam
2200 3893 2239 3967 in

671 4017 874 4095 Veronensi
892 4043 1039 4118 quoque
1055 4018 1189 4118 legitur
1207 4020 1267 4110 39,
1281 4027 1328 4092 77.
1349 4022 1409 4111 86,
1424 4037 1458 4090 77
1477 4029 1519 4094 ut
1536 4020 1664 4094 eodem
1690 4045 1777 4096 casu
1796 4018 1899 4119 plebe
1917 4022 1977 4111 99,
1993 4043 2021 4112 7,
2048 4045 2131 4098 cum
2142 4019 2242 4121 plebi

646 4211 649 4216 .
673 4157 843 4223 occurrat
862 4147 921 4237 69,
936 4166 982 4220 7ο.
1002 4149 1062 4238 70,
1078 4164 1123 4219 77.
1143 4147 1203 4238 93,
1220 4165 1265 4220 77.
1301 4143 1468 4221 Genetivi
1488 4145 1613 4221 similis
1630 4147 1770 4222 nullum
1787 4147 1995 4248 exemplum
2011 4147 2157 4248 repperi
2174 4148 2236 4248 (cf.

671 4286 794 4349 tamen
812 4273 907 4348 infra
920 4274 968 4348 ad
977 4273 1021 4366 V,
1037 4277 1097 4366 94,
1108 4273 1160 4371 8),
1179 4299 1263 4350 cum
1273 4271 1390 4374 plebia
1400 4272 1537 4373 passim
1554 4273 1707 4373 legatur.
1734 4273 1847 4350 Plane
1864 4273 2029 4350 similiter
2043 4277 2239 4376 Ancyram

672 4401 861 4501 inscriptio
878 4400 1087 4500 genetivum
1104 4402 1239 4478 fonnat
1256 4401 1293 4475 in
1305 4397 1430 4501 plebia,
1458 4399 1623 4477 dativum
1639 4401 1676 4475 in
1695 4399 1816 4502 plebei
1828 4401 1879 4500 (v.
1899 4402 1955 4477 od.
1974 4427 2077 4479 meae
2093 4431 2130 4505 p.
2148 4405 2237 4501 147)

673 4554 739 4604 nec
766 4528 917 4604 dubium
943 4539 1000 4604 est
1023 4528 1077 4602 ita
1101 4528 1203 4629 loqui
1230 4527 1421 4604 usitavisse
1446 4527 1580 4604 saeculi
1602 4529 1761 4629 Augusti
1785 4528 1962 4606 homines.
2006 4528 2089 4606 Non
2122 4530 2238 4632 magis

673 4656 722 4731 ad
750 4667 933 4732 vetustam
965 4655 1232 4756 diphthongum
1262 4655 1421 4756 pertinet
1451 4657 1596 4732 dativus
1627 4655 2081 4750 7717717777777778,77.
2111 4661 2171 4750 79,
2189 4667 2235 4731 77.

675 4787 795 4872 91,77.
826 4787 909 4874 106,
927 4798 972 4856 77.
1003 4785 1086 4874 111,
1107 4803 1141 4852 7ο
1166 4809 1240 4858 non
1265 4811 1382 4874 rarus,
1408 4782 1494 4860 licet
1518 4783 1742 4883 frequentius
1769 4783 1950 4862 scribatur
1973 4782 2019 4860 its
2042 4785 2102 4862 vel
2125 4783 2168 4862 77.

824 4907 1018 4986 Geminata
1041 4935 1068 4984 7
1094 4921 1303 4986 constanter
1327 4910 1508 5011 reperitur
1534 4913 1732 4987 secundum
1759 4937 1865 4987 usum
1892 4915 1937 4989 ab
1959 4915 2126 5014 Augusto
2152 4913 2237 4988 inde

672 5049 861 5139 receptum
876 5037 1049 5138 nullaque
1066 5037 1219 5140 vestigia
1237 5037 1460 5140 deprehendi
1475 5063 1596 5138 neque
1613 5039 1784 5140 antiquae
1800 5040 1968 5141 loquelae
1991 5042 2037 5116 ab
2060 5041 2236 5118 eiusmodi
