5138 6518
1830 547 1902 620 203

333 747 612 850 proclivitatem.
671 743 898 845 intellegitur
930 743 1060 846 opinor
1090 743 1138 818 M.
1170 742 1296 820 Folius
1325 753 1372 820 tr.
1406 745 1480 820 mil.
1517 771 1549 822 a.
1575 747 1660 822 321.
1719 743 1776 824 (tf.
1810 775 1904 848 quas

334 876 411 952 dixi
435 877 525 950 edm.
555 871 701 950 Faesula.
733 877 765 964 l,
797 875 879 948 114.

487 1002 519 1077 V
545 1004 641 1092 43,r
668 1027 704 1102 p.
728 1003 846 1091 101‚s
875 1022 943 1100 per
968 1023 1026 1074 eos
1050 995 1146 1098 ipsm
1174 995 1248 1074 dies
1273 997 1511 1092 Veronensis,
1544 1001 1644 1100 quod
1668 1015 1906 1104 praeceperat

334 1127 559 1221 Gronovius3
587 1156 611 1204 a
633 1126 736 1204 libris
762 1125 912 1226 reliquis
936 1125 1087 1226 reliquis
1112 1125 1218 1200 abest
1243 1150 1311 1202 eos.

485 1255 519 1332 V
546 1259 643 1348 44,1
672 1281 709 1356 p.
731 1259 850 1346 101,s
887 1251 1057 1330 Ardeates
1083 1308 1110 1328 ..
1136 1264 1265 1330 veteres
1289 1251 1415 1346 amem,
1448 1252 1534 1330 aovi
1561 1252 1667 1330 etiam
1698 1253 1790 1332 eires
1821 1257 1902 1349 mei,

335 1383 479 1484 quando
507 1394 541 1459 et
562 1394 715 1458 vestam
742 1379 945 1479 beneficiam
974 1378 1026 1454 ita
1051 1378 1130 1454 salit
1154 1391 1188 1456 et
1210 1380 1367 1480 sorbeas
1398 1379 1466 1456 bac
1491 1380 1561 1481 eqe't
1582 1403 1674 1458 mea.
1726 1383 1771 1458 Id
1803 1387 1904 1484 quod

337 1523 394 1588 est
409 1510 478 1587 boc
502 1509 572 1610 epit
586 1509 674 1586 ferri
696 1535 771 1586 non
787 1533 897 1610 posse
913 1506 1093 1584 intellexit
1108 1507 1323 1608 Madvigius,
1352 1511 1609 1586 commendans
1625 1535 1695 1612 pro
1713 1535 1757 1586 eo
1777 1513 1903 1612 coepit:

334 1639 373 1714 in
398 1637 602 1714 Veronensi
627 1649 750 1714 minen
776 1661 844 1712 nec
869 1635 941 1712 boo
966 1634 1037 1712 luit
1061 1659 1180 1734 neque
1204 1634 1306 1726 illud,
1340 1638 1406 1712 sed
1431 1637 1582 1712 verbum
1610 1637 1770 1737 aliquod,
1801 1640 1904 1716 cuius

334 1765 464 1842 ultima
488 1765 630 1866 syllaba
653 1763 763 1864 plena
788 1772 885 1838 esset
908 1760 946 1854 it,
972 1772 1064 1862 puto
1090 1760 1206 1838 volae.

486 1892 522 1968 V
547 1896 608 1984 44,
629 1911 644 1966 t
671 1918 708 1993 p.
731 1893 815 1982 102,
834 1903 869 1962 36
893 1887 1019 1991 pacina
1042 1887 1163 1988 vs'pr'lic
1187 1887 1301 1990 capite
1331 1915 1438 1964 arma
1457 1891 1733 1990 frequentesque
1761 1915 1818 1968 me
1849 1919 1902 1968 se-

335 2018 490 2121 quimrbe'
510 2018 732 2096 Veronensis
757 2017 998 2118 probantibus
1024 2017 1196 2117 Zumptio
1222 2044 1258 2119 p.
1280 2019 1326 2092 29
1355 2029 1393 2094 et
1416 2017 1600 2118 Madvigio
1626 2018 1664 2094 in
1690 2021 1746 2094 ed.
1773 2021 1847 2096 vol.
1869 2020 1904 2096 11

335 2174 373 2250 p.
391 2147 444 2224 IV
452 2177 463 2240 ;
497 2171 564 2248 que
589 2147 695 2222 abest
715 2173 739 2220 a
755 2144 904 2245 reliquis
921 2169 996 2220 non
1013 2156 1123 2238 recte,
1151 2170 1236 2220 nam
1252 2145 1459 2245 frequentia
1475 2145 1596 2247 aptius
1614 2147 1662 2220 sd
1678 2149 1904 2246 sequendum

334 2276 492 2351 refertur
518 2299 627 2374 quam
654 2275 702 2350 ad
727 2273 953 2348 armandum.

487 2401 521 2476 V
546 2405 644 2493 45,s
669 2428 706 2500 p.
728 2402 812 2492 103,
833 2419 865 2469 ¹2
892 2397 1096 2476 excursare
1121 2397 1166 2474 ab
1193 2397 1380 2500 oppidanis
1396 2399 1508 2499 facta
1523 2398 1755 2494 Veronensis,
1780 2399 1902 2478 iasar-

337 2527 436 2608 sioae
458 2527 502 2604 ab
529 2525 717 2630 qpsdaais
742 2525 782 2601 ia
799 2527 943 2628 palatos
960 2526 1072 2626 sacta
1087 2524 1528 2618 Nicomachiani3'utrum
1545 2529 1742 2629 praeferas,
1768 2529 1904 2631 ambigi

335 2667 475 2759 potest,
507 2679 729 2756 quamquam
761 2654 851 2730 illud
876 2653 1019 2746 malim,
1054 2679 1137 2731 cum
1167 2653 1385 2730 incursionis
1410 2655 1627 2731 vocabulmn
1659 2681 1748 2732 mox
1776 2658 1904 2734 redeat

336 2783 433 2886 apud
458 2781 613 2858 Livium.

488 2910 522 2984 V
548 2912 609 3002 45,
628 2917 645 2978 t
661 2936 699 3010 p.
722 2911 805 2999 103,
824 2917 859 2978 ts
879 2907 1047 3010 pleaeqae
1057 2908 1217 3010 praedae
1244 2905 1342 2984 Veios
1359 2907 1466 2984 etiam
1479 2908 1779 3010 praesidiumque,
1804 2936 1903 3012 spera

336 3036 497 3114 ultimam
522 3035 681 3114 Hermai
709 3033 882 3128 aomiau,
915 3032 955 3110 ia
987 3032 1107 3110 carino
1132 3033 1320 3112 habuerim
1352 3059 1567 3136 appapaare.
1619 3036 1841 3114 Veronensis
1871 3050 1906 3115 et

336 3191 420 3244 cum
445 3163 584 3242 omittit
607 3175 692 3240 ante
716 3187 825 3264 spera,
851 3185 980 3238 verum
1003 3161 1150 3238 videtur
1175 3187 1354 3254 servasse3
1386 3189 1472 3239 nam
1497 3162 1629 3240 clarius
1655 3163 1708 3240 ita
1732 3189 1903 3265 separen-

336 3305 398 3369 tur
425 3293 512 3370 urbs
537 3291 743 3391 militesque
770 3290 833 3391 qui
858 3301 1159 3391 oppugnarentur
1188 3291 1234 3366 ab
1266 3288 1310 3367 iis
1337 3315 1431 3390 quae
1456 3289 1560 3366 addit
1584 3300 1713 3366 auctor
1744 3293 1792 3368 ad
1825 3293 1903 3370 cius

337 3418 621 3521 oppugnationis
646 3429 872 3493 momentum
901 3417 1170 3493 declarandum.

488 3545 524 3621 V
549 3549 646 3640 46,2
673 3571 710 3646 p.
733 3548 816 3637 104,
839 3564 869 3617 rr
897 3541 1037 3620 Gabrieo
1064 3542 1182 3622 cincta
1210 3569 1319 3620 saera
1347 3543 1508 3620 maetas
1529 3568 1657 3644 peresa
1683 3543 1902 3624 Veronensis

338 3685 378 3750 ut
404 3673 531 3750 debuit
555 3697 634 3750 esse
660 3671 848 3772 ediditque
872 3667 1091 3770 Madvigium
1118 3669 1254 3750 cincta
1278 3671 1419 3771 reliqui.

488 3799 522 3876 V
550 3805 645 3892 aar
671 3825 708 3902 p.
730 3802 813 3892 106,
832 3816 867 3870 so
897 3810 1039 3876 senatus
1064 3800 1263 3874 amaeam
1277 3796 1393 3897 sacti,
1419 3798 1522 3898 saca
1547 3797 1684 3891 amaia,
1717 3802 1837 3900 quoad
1860 3829 1902 3878 aa

337 3927 446 4004 based
466 3925 685 4028 possedisset,
715 3923 983 4002 restituerentur·
999 3923 1305 4026 eaps'areutarque.
1357 3925 1417 4004 Sic
1447 3925 1549 4002 haec
1573 3925 1743 4002 videntur
1768 3931 1903 4006 consti-

336 4057 484 4132 tuenda.
532 4053 627 4132 Nam
652 4053 748 4154 qaod
772 4078 994 4154 quamquam
1009 4053 1156 4148 ¹habent
1180 4053 1265 4129 libri
1289 4077 1427 4144 omnes,
1453 4064 1577 4128 tamen
1601 4053 1655 4128 rei
1680 4055 1903 4135 corbariam

338 4196 409 4275 est3
448 4181 654 4284 Capitoline
690 4180 786 4258 enim
820 4181 907 4256 fana
935 4178 1037 4273 ,Galli
1065 4207 1140 4257 non
1176 4180 1399 4260 invaserunt.
1458 4179 1599 4256 Deinde
1629 4179 1903 4260 lermeburmner

338 4313 440 4414 quod
472 4310 639 4388 inserunt
671 4307 821 4386 secundi
856 4306 995 4384 ordinis
1027 4307 1112 4384 libri
1144 4319 1232 4410 post
1254 4295 1553 4399 redonentur,
1570 4307 1784 4386 crediderim
1810 4313 1902 4386 refe·

338 4440 492 4516 rendum
516 4437 612 4514 inter
638 4434 937 4536 interpolationes
959 4433 1274 4527 Nicomachianas3
1307 4461 1392 4510 nam
1414 4434 1564 4536 proprie
1588 4435 1795 4512 terminatio
1821 4465 1903 4538 per·-

337 4566 431 4642 tinet
456 4564 503 4641 a‘d
520 4563 595 4640 lani
612 4561 878 4639 institutionem
893 4560 1018 4662 potius
1036 4587 1148 4661 quam
1164 4562 1212 4636 ed
1233 4561 1511 4654 restitutionem,
1530 4573 1568 4637 et
1583 4574 1625 4638 ut
1641 4561 1813 4650 admittas
1830 4577 1903 4642 ter·

337 4693 477 4770 minare
503 4691 612 4768 etiam
638 4715 721 4766 eum
747 4689 812 4790 qui
834 4687 1010 4766 terminos
1040 4689 1271 4766 oblitteratas
1303 4689 1471 4768 incendio
1501 4689 1560 4765 vel
1594 4701 1774 4793 vetustate
1798 4695 1903 4768 resti·

337 4819 421 4910 tuit,
447 4830 569 4896 tamen
596 4815 774 4894 eiusmodi
799 4814 975 4895 raminos
999 4816 1064 4910 vix
1089 4816 1305 4894 crediderim
1330 4816 1427 4893 intra
1452 4814 1656 4918 pomerium
1682 4818 1836 4896 stetisse.

489 4945 524 5022 V
551 4949 647 5040 50,s
673 4971 710 5047 p.
732 4947 817 5036 107,
836 4941 924 5018 sire
950 4968 1044 5023 aava
1067 4941 1128 5020 aa
1157 4941 1225 5018 Aia
1253 4940 1402 5026 Lemno
1431 4945 1626 5046 legendum
1655 4970 1734 5022 esse
1767 4948 1905 5024 dudum

340 5073 562 5151 intellectum
588 5083 655 5166 est,
685 5095 772 5148 cum
796 5069 833 5146 in
859 5069 962 5148 libris
995 5071 1229 5150 exsecando
1259 5095 1391 5173 genere
1419 5071 1575 5173 ‘optimis
1598 5069 1663 5147 ceu
1687 5070 1745 5148 aab
1776 5073 1906 5152 abierit

1614 5197 1676 5274 22
