5138 6518
1835 535 1904 618 lbi

331 741 490 840 (emend.
518 768 554 842 p.
575 741 640 838 te)
667 737 862 840 proposuit
890 751 1033 814 senatus
1060 738 1256 815 consultum
1270 736 1333 836 fit,
1364 749 1413 812 ut.
1466 737 1623 814 Pluralis
1653 749 1776 814 autem
1807 752 1906 814 recte

331 895 369 944 se
395 868 518 960 habet,
545 895 631 942 nam
649 869 850 942 secundum
871 866 1174 944 consuetudinem
1191 865 1394 942 Romanam
1419 865 1509 941 talia
1525 867 1786 968 comprehendi
1813 867 1906 943 sole·

329 997 420 1071 bant
445 1022 519 1070 non
537 1023 611 1071 uno
630 996 833 1093 eodemque
851 995 1020 1071 consulto
1039 992 1246 1095 argumenti
1269 993 1502 1084 miscellanei,
1530 995 1594 1070 sed
1612 995 1780 1094 pluribus
1799 995 1905 1070 simul

330 1123 447 1199 factis.
505 1122 648 1198 Deinde
680 1123 814 1196 eosdem
847 1120 1005 1197 tatone
1037 1120 1274 1214 Veronensis,
1314 1121 1409 1197 sicut
1444 1121 1557 1196 edidit
1590 1121 1810 1215 Frobenius,
1849 1147 1906 1198 eos

332 1249 490 1326 tribunos
516 1250 657 1350 reliqui,
687 1252 783 1325 unde
799 1251 966 1326 lecerunt
992 1250 1149 1324 consules
1176 1248 1334 1324 tribunos
1350 1248 1634 1348 Heerwagenus,
1660 1251 1817 1324 consuler
1844 1249 1906 1326 tri·

333 1375 483 1453 1110111
509 1378 723 1476 Madvigius.
778 1377 954 1453 Videmur
980 1388 1102 1452 autem
1133 1376 1367 1474 adquiescere
1400 1401 1509 1476 posse
1542 1376 1578 1450 in
1609 1375 1765 1453 lectione
1792 1377 1906 1452 Vero-

332 1505 454 1580 nensis
480 1505 544 1596 ita,
573 1516 614 1579 ut
640 1507 826 1582 decretum
854 1507 900 1580 dc
925 1503 1199 1604 magistratibus
1225 1503 1483 1578 continuandis
1514 1503 1733 1604 accipiamus
1765 1506 1810 1578 de
1841 1529 1905 1604 pa-

333 1633 459 1724 triciis,
487 1632 620 1733 quibus
638 1633 725 1708 solis
748 1633 836 1708 satis
855 1643 1001 1709 constat
1016 1657 1102 1708 vere
1128 1631 1322 1706 convenire
1339 1656 1471 1706 nomen
1489 1632 1780 1732 magistratus¹);
1808 1632 1906 1708 simi·

335 1759 494 1860 literque
519 1761 664 1836 locutus
690 1772 747 1836 est
761 1759 887 1836 Livius
912 1785 1001 1836 mox
1027 1785 1058 1834 c.
1081 1763 1140 1850 64,
1161 1783 1193 1832 1:
1221 1770 1262 1832 ut
1284 1757 1389 1832 triten
1415 1757 1552 1834 tribuni
1572 1759 1794 1857 reficerentur
1811 1772 1843 1833 et

332 1885 534 1962 consultius
560 1912 696 1987 quoque
726 1887 975 1962 continuarent
1000 1885 1260 1985 massuetum.
1313 1886 1451 1961 Verum
1485 1897 1543 1962 est
1572 1913 1661 1962 mox
1689 1886 1833 1961 Livium
1860 1889 1904 1960 de

333 2014 590 2092 continuandis
615 2014 889 2114 magistratibus
919 2015 972 2090 ita
998 2013 1134 2105 dicere,
1169 2025 1210 2088 ut
1234 2023 1361 2114 aperte
1391 2014 1750 2114 comprehendantur
1773 1991 1905 2115 plebeii

332 2143 381 2240 (ξ.
399 2146 439 2216 4:
467 2141 554 2241 quic
565 2141 664 2242 plebs
689 2155 832 2218 cenans
858 2143 1053 2218 cmuultum
1078 2140 1118 2216 in
1142 2139 1391 2216 continuandis
1415 2139 1682 2240 magistratibus
1706 2141 1840 2241 scicit);
1867 2153 1907 2218 at

333 2293 417 2346 cum
443 2269 564 2347 miuus
590 2271 739 2371 proprie
766 2271 875 2346 etiam
900 2269 1058 2346 tribunis
1082 2268 1318 2368 magistratus
1343 2268 1537 2360 tribuatur,
1568 2271 1692 2370 potuit
1717 2269 1841 2346 livius
1867 2271 1904 2345 in

334 2409 482 2473 senatus
521 2399 689 2474 consulto
720 2399 912 2474 referendo
943 2397 1144 2498 legitimum
1180 2417 1287 2472 usum
1319 2395 1439 2496 sequi,
1473 2396 1510 2472 in
1547 2397 1713 2472 oratione
1746 2398 1906 2474 consulis

335 2524 588 2602 cottidianum.

485 2653 540 2729 III
558 2655 618 2746 23,
637 2669 654 2724 6
672 2681 708 2754 p.
731 2657 789 2746 16,
810 2662 826 2723 t
844 2651 955 2728 victor
981 2654 1030 2728 ud
1045 2650 1212 2728 Columen
1236 2649 1395 2750 (Coluntc
1412 2650 1565 2750 Veron.)
1590 2651 1744 2728 exercitu
1763 2653 1906 2728 reducto

334 2791 455 2856 castra
481 2782 583 2858 locat.
636 2781 719 2858 Hoc
744 2783 847 2878 quod
879 2783 1019 2858 dudum
1044 2779 1244 2857 Sabellicus
1268 2778 1374 2854 Livio
1404 2781 1564 2854 restituit
1588 2779 1765 2882 illumque
1791 2781 1906 2856 secuti

249 2959 253 2970 -
333 2907 538 3007 Madvigius
569 2917 606 2984 et
635 2907 969 2999 Weissenbornius‚
1002 2935 1100 2984 nunc
1124 2907 1249 3009 prodit
1274 2933 1321 2982 ex
1348 2907 1430 3008 ipso
1454 2907 1549 2983 libro
1577 2907 1780 2986 Veronensi
1803 2909 1904 3008 (nam

336 3046 435 3111 errat
461 3037 507 3110 de
533 3060 577 3110 eo
604 3034 829 3137 Zumptius);
861 3037 981 3112 relicto
1006 3063 1076 3137 pro
1102 3035 1244 3110 reducto
1268 3035 1353 3110 libri
1377 3035 1519 3134 reliqui.

407 3197 413 3213 ·
485 3162 538 3238 ll]
566 3167 662 3253 24,5
688 3189 724 3263 p.
747 3167 806 3254 16,
825 3177 860 3234 56
886 3159 1153 3262 animantius
1177 3161 1243 3262 qui
1265 3188 1340 3238 una
1364 3174 1568 3239 1111111111
1588 3187 1707 3238 secun
1731 3185 1810 3237 eura
1833 3175 1905 3237 turn

326 3290 551 3390 frequentem
568 3289 619 3365 ad
637 3288 741 3388 erpna
757 3289 833 3365 sine
852 3291 921 3366 ullo
943 3289 1275 3389 conmeatusurirse.
1317 3287 1609 3389 Frequenternquc
1625 3289 1707 3366 libri
1724 3291 1904 3390 vulgares,

325 3417 514 3517 frequenta
531 3417 769 3509 Veronensis3
798 3419 894 3494 unde
917 3418 1145 3517 frequentem,
1173 3419 1276 3518 quod
1296 3417 1383 3492 olim
1401 3417 1572 3518 Sigonius
1594 3417 1662 3494 sub
1688 3417 1907 3496 auctoritate

335 3556 376 3621 ut
399 3545 494 3622 solet
518 3545 692 3622 ementita
704 3545 880 3645 reposuit,
903 3564 1032 3620 verum
1055 3569 1134 3621 esse
1152 3545 1303 3644 agnovit
1312 3545 1519 3644 Madvigius
1542 3545 1579 3620 iu
1595 3547 1652 3620 ed.
1668 3545 1784 3622 vol.II
1797 3545 1904 3646 p.IV.

487 3671 541 3749 lli
567 3677 665 3766 26,9
696 3676 854 3774 p.1t‚a
876 3673 1021 3772 fossam
1041 3669 1188 3772 fodiens
1207 3673 1315 3771 palae
1346 3669 1492 3748 innan
1518 3671 1717 3750 Sabellicus
1745 3673 1906 3772 itemque

333 3811 428 3878 teste
443 3799 616 3901 Zumptio
642 3827 679 3901 p.
699 3803 747 3876 35
767 3800 797 3876 is
815 3799 879 3900 qui
895 3799 1042 3899 scripsit
1055 3799 1188 3874 librum
1206 3798 1425 3876 Vaticanum
1451 3825 1487 3874 n.
1506 3801 1604 3874 3329
1622 3815 1906 3901 proposuerunt,

335 3953 419 4004 curn
442 3929 527 4029 pulc
544 3928 592 4004 sit
616 3927 654 4004 in
671 3928 773 4004 libris
791 3927 945 4004 idoneae
964 3926 1193 4016 auctoritatis
1218 3925 1403 4017 omuibus3
1429 3927 1502 4002 iam
1528 3929 1629 4026 quod
1656 3938 1713 4004 est
1736 3928 1774 4004 in
1793 3929 1907 4004 Vero·

335 4055 439 4132 nensi
463 4056 591 4154 palene
620 4055 711 4153 (non
737 4055 861 4154 pelele,
895 4055 997 4154 quod
1021 4054 1142 4154 legere
1172 4052 1241 4128 sibi
1273 4053 1373 4130 visus
1406 4065 1463 4129 est
1493 4053 1703 4155 Zumptius)
1733 4055 1802 4134 etsi
1833 4082 1906 4132 non

334 4207 474 4273 verum,
504 4193 629 4258 tamen
656 4182 844 4280 aliquanto
876 4181 1029 4282 propius
1060 4206 1084 4255 a
1108 4205 1197 4256 vero
1227 4160 1344 4264 abest
1395 4180 1524 4257 Paullo
1554 4193 1641 4282 post
1670 4208 1706 4256 v.
1732 4185 1779 4257 10
1810 4183 1906 4258 idem

334 4310 427 4386 liber
451 4319 550 4386 recte
575 4310 688 4386 habet
714 4310 808 4409 quod
831 4309 914 4384 bene
938 4319 1091 4401 animet,
1119 4308 1183 4382 ubi
1207 4308 1244 4383 in
1270 4308 1502 4409 reliquisest
1527 4321 1685 4386 certem

486 4435 540 4512 III
567 4439 664 4527 29,6
691 4463 728 4538 p.
750 4440 809 4528 19,
828 4457 845 4506 s
870 4461 910 4512 eo
934 4434 989 4510 die
1005 4432 1047 4512 L.
1066 4435 1231 4511 Mamilio
1250 4434 1452 4512 vacuane
1541 4435 1666 4512 ciuitas
1690 4437 1776 4512 duta
1794 4437 1907 4514 Vero·

270 4637 272 4644 ,
336 4563 469 4654 censu,
495 4563 581 4640 dcte
605 4575 658 4640 est
680 4564 823 4664 reliqui.
876 4562 1051 4639 Similiter
1073 4562 1127 4639 ΠΙ
1154 4565 1246 4656 31,1
1276 4591 1313 4665 p.
1334 4566 1394 4655 20,
1412 4573 1446 4636 ta
1472 4589 1619 4640 11111111
1631 4576 1778 4664 propter
1794 4591 1907 4665 aquu-

427 4877 456 4958 ¹)
489 4879 608 4942 Scilicet
629 4886 815 4958 mapistratus
839 4879 931 4958 plebis
960 4835 1024 4940 sive
1042 4879 1147 4958 plebeii
1166 4881 1276 4941 tribuni
1299 4881 1470 4959 aedilesque
1496 4882 1593 4959 plebis
1619 4893 1699 4942 recta
1719 4881 1859 4945 dicuntur
1879 4895 1909 4943 et

336 4984 467 5062 proprie,
489 4999 548 5041 non
570 4993 648 5042 recte
669 4987 854 5059 1119111111
871 4983 975 5060 popae
995 4983 1118 5042 Romani
1137 4999 1193 5042 nec
1212 4983 1309 5062 magis
1327 4992 1406 5044 recte
1419 4987 1605 5061 mupbtrotus
1626 4983 1809 5062 simpliciter,
1830 4995 1910 5046 certe

336 5083 369 5146 iu
390 5085 465 5146 actis
486 5083 625 5162 publicis,
651 5084 700 5144 ubi
721 5083 864 5161 quidquid
885 5085 950 5144 sius
971 5085 1090 5162 generis
1112 5083 1190 5145 nude
1211 5085 1390 5158 mundatur,
1411 5085 1479 5162 ipsa
1497 5105 1531 5145 re
1550 5085 1678 5147 retertur
1697 5087 1737 5146 ad
1756 5088 1909 5168 populum.

1590 5190 1654 5266 X2
