5138 6518
498 720 607 824 333113
635 720 915 824 implectionem
942 725 1002 816 24,
1023 723 1099 800 3613.

497 846 595 950 333113
626 847 831 951 1133131133
856 854 918 943 48,
937 852 1019 943 1ο13;
1046 849 1199 952 33333113
1226 853 1287 945 16,
1306 853 1382 927 3313.

497 975 589 1078 33113
616 975 770 1080 incitare
794 980 856 1072 81,
875 979 952 1053 3313.

496 1102 608 1206 331133
634 1103 826 1207 1331133313
855 1104 1281 1208 1991133133133331333
1310 1109 1447 1200 6,1313;
1472 1109 1670 1212 3333311333
1699 1115 1758 1201 51,
1779 1114 1853 1188 3313.

496 1231 584 1336 altr:
611 1232 760 1335 33311313
789 1238 848 1326 15,
868 1234 943 1310 3313.
973 1237 1032 1326 64,
1051 1235 1127 1308 3311.
1156 1237 1216 1327 88,
1236 1235 1294 1312 313.
1322 1236 1485 1328 106,113;
1524 1237 1749 1340 3333131331-
1777 1242 1811 1331 9,
1837 1241 1912 1314 3113.

599 1363 660 1453 39,
673 1360 749 1436 ton.
770 1361 921 1454 12313111
937 1359 1071 1464 333113-
1090 1365 1151 1453 49,
1161 1363 1237 1438 3316.
1256 1367 1316 1455 80,
1327 1363 1403 1438 3313.
1424 1364 1555 1457 98113
1566 1363 1765 1468 3331133333
1785 1369 1911 1458 ahala

598 1489 749 1582 88,3311;
772 1487 993 1592 3133311333
1021 1493 1081 1582 99,
1099 1491 1180 1581 35163
1206 1489 1339 1594 333113-
1365 1493 1427 1584 43,
1446 1493 1508 1584 319;
1536 1495 1596 1585 92,
1614 1494 1661 1568 311
1687 1497 1734 1569 31.

494 1614 637 1692 Littera
667 1643 735 1692 sua
764 1627 895 1692 natura
932 1617 1076 1718 gemina
1103 1643 1128 1692 3
1158 1619 1206 1694 36
1236 1621 1433 1695 secundam
1469 1619 1646 1720 syllabam
1676 1620 1773 1696 trahi
1803 1622 1910 1698 solet:

345 1741 629 1844 dilatasses
657 1741 978 1846 631311101,3113;
1005 1743 1153 1847 3311333
1172 1749 1232 1838 64,
1246 1746 1328 1838 solu
1356 1745 1717 1850 31336313381,3113;
1743 1748 1911 1852 33313133-

345 1874 380 1963 8,
398 1871 474 1946 3313.
495 1873 556 1965 63,
571 1872 628 1946 313.
648 1874 708 1964 93,
724 1870 991 1974 6333331333-
1009 1876 1069 1966 59,
1085 1873 1161 1950 3313.
1180 1875 1241 1966 87,
1255 1873 1335 1966 coln
1358 1872 1578 1978 3313363333
1595 1879 1656 1968 49,
1671 1893 1724 1968 ⁵⁶3
1742 1875 1912 1978 31333333

345 2002 406 2092 99,
424 2000 500 2074 salt.
554 1998 674 2075 Semel
697 2009 841 2075 tautum
866 1999 1014 2100 repperi
1039 2001 1263 2076 contrarium
1288 1999 1406 2104 331311
1428 2005 1488 2095 41,
1507 2003 1583 2077 tols.

493 2126 662 2226 Denique
688 2127 858 2204 notabilis
883 2138 940 2204 est
966 2127 1095 2203 divisio
1121 2127 1446 2231 3313313111,3313
1472 2139 1511 2204 31
1536 2132 1656 2207 63333
1681 2131 1817 2207 ibidem
1834 2133 1909 2226 3313,

342 2256 429 2330 item
455 2253 635 2356 3331313333
661 2259 722 2349 41,
742 2256 818 2347 3319,
845 2280 918 2354 qua
943 2255 1216 2348 confirmantur,
1245 2281 1338 2354 quae
1364 2258 1413 2331 36
1426 2255 1588 2334 Lucretii
1607 2284 1753 2336 versum
1779 2265 1815 2352 4,
1837 2263 1909 2336 619

340 2380 452 2484 ripaei
473 2383 576 2483 sorte
603 2407 716 2458 33333
738 2406 903 2484 premere
933 2407 978 2458 33
1006 2381 1143 2458 nccare
1173 2381 1288 2484 333311
1318 2384 1425 2460 63313
1458 2395 1497 2460 31
1527 2396 1652 2479 caute,
1686 2387 1910 2492 3133131331,

341 2510 532 2588 adnotavit
556 2508 823 2586 Lachmannus.
877 2507 1049 2586 Getarum
1079 2513 1240 2586 secunda
1270 2510 1399 2588 divisio
1430 2512 1543 2588 nihilo
1567 2513 1688 2589 minus
1712 2514 1830 2614 legem
1855 2515 1910 2590 in·

340 2639 478 2740 fringit,
504 2638 574 2714 etsi
598 2637 828 2740 trisyllabum
854 2649 994 2714 statuas
1021 2635 1232 2740 3313311333.
1633 2729 1638 2742 ¹

492 2765 616 2842 Unum
640 2766 774 2841 addam
799 2777 905 2840 extra
931 2765 1107 2841 ordinem.
1160 2764 1254 2843 Oum
1278 2768 1326 2842 ad
1351 2793 1500 2844 manum
1525 2777 1622 2844 esset
1646 2769 1910 2869 pandectarum

340 2893 637 2972 Florentiuorum
664 2893 823 2992 quinque
849 2891 1064 2994 paginarum
1090 2893 1319 2970 adumbratio
1339 2895 1642 2997 photographica
1669 2895 1747 2974 eius
1774 2897 1910 2974 codicis

339 3024 378 3099 in
405 3021 554 3123 syllabis
580 3020 791 3096 dirimendis
809 3021 1077 3096 observantiam
1102 3021 1265 3096 intellexi
1289 3023 1335 3097 ab
1357 3047 1412 3115 ea,
1439 3024 1485 3098 de
1503 3046 1577 3121 qua
1602 3049 1714 3124 supra
1738 3025 1909 3125 exposui-

338 3177 433 3243 mus,
459 3151 497 3224 in
522 3149 707 3250 plerisque
731 3149 914 3222 recedere.
958 3146 1052 3225 Nam
1079 3148 1304 3249 deprehendi
1327 3149 1380 3225 ibi
1405 3149 1552 3248 quidem
1579 3149 1795 3252 6131336333,
1822 3151 1909 3227 item

339 3277 570 3380 3333311313,
609 3273 818 3376 dulmensi,
857 3273 1115 3377 3333116311·
1153 3286 1193 3351 31
1230 3277 1461 3376 refragantur
1499 3276 1585 3370 alia,
1631 3289 1674 3353 ut
1711 3277 1905 3380 qaaelrtio,

338 3404 510 3508 33131631,
537 3405 626 3480 item
652 3401 784 3504 3631313
810 3412 849 3478 31
874 3399 1064 3504 dalmatam
1089 3400 1396 3505 313313133333,
1422 3415 1460 3478 et
1479 3403 1607 3508 333331
1614 3403 1690 3506 ptis
1715 3405 1906 3504 quinquies

339 3534 506 3612 similiter
535 3532 587 3609 sic
618 3531 855 3631 diremptum
887 3529 1043 3629 denique
1069 3555 1115 3606 na
1148 3531 1192 3606 de
1218 3530 1357 3607 librarii
1381 3531 1521 3606 incuria
1547 3532 1695 3632 cogites,
1722 3543 1907 3610 corrector

338 3659 558 3739 vocabulum
583 3657 658 3760 1333
682 3659 756 3757 (36.
781 3683 883 3734 meae
906 3658 979 3734 vol.
1000 3661 1022 3732 3
1040 3684 1078 3758 p.
1098 3659 1171 3734 360
1188 3685 1224 3735 3.
1246 3660 1286 3758 5)
1309 3684 1332 3733 a
1357 3658 1476 3760 primo
1501 3659 1651 3735 librario
1673 3661 1726 3736 sic
1752 3661 1906 3737 divisum

337 3789 430 3892 13133
446 3790 499 3864 113
515 3785 733 3878 3333363311,
756 3795 837 3886 313
854 3785 1013 3861 litteram
1039 3787 1085 3860 ad
1112 3787 1310 3862 secundam
1335 3787 1513 3887 syllabam
1538 3797 1728 3864 revocaret
1752 3787 1905 3864 faceret·

339 3943 411 4018 que
428 3915 539 4018 11333.
576 3913 695 4007 Quam
712 3913 954 3988 differentiam
971 3911 1123 3988 dubium
1139 3939 1215 3990 non
1232 3912 1391 3990 33113363
1408 3913 1663 4015 explicandam
1686 3939 1779 4009 esse,
1806 3918 1905 4015 quod

338 4046 563 4146 digestorum
581 4042 700 4118 codex
716 4039 949 4118 Florentinus
977 4041 1178 4117 Veronensi
1203 4041 1387 4116 annalium
1411 4039 1648 4117 Livianorum
1678 4042 1905 4140 aliquantum

337 4172 489 4249 inferior
513 4181 571 4246 est
599 4178 729 4244 aetate.
783 4166 878 4244 Nam
913 4168 1097 4244 contraria
1128 4167 1197 4244 sibi
1229 4178 1315 4244 sunt
1348 4167 1386 4244 in
1419 4168 1488 4244 hac
1522 4169 1669 4268 quidem
1702 4195 1742 4246 re
1774 4169 1905 4246 aetatis

336 4302 456 4377 bonae
491 4323 584 4398 quae
615 4298 762 4395 quidem
792 4295 1047 4372 auctoritatem
1072 4296 1234 4372 habeant
1253 4305 1490 4372 monumenta
1511 4297 1634 4372 omnia
1659 4295 1906 4397 conspirantia

336 4427 375 4502 in
401 4426 579 4503 divisione
610 4449 655 4500 ea
686 4425 731 4499 de
763 4449 836 4522 qua
861 4423 949 4517 dixi,
984 4435 1023 4500 et
1047 4422 1224 4500 Prisciani
1254 4424 1551 4523 reliquorumque
1582 4423 1905 4524 grammaticorum

336 4565 546 4657 praecepta,
586 4577 679 4652 quae
719 4551 782 4650 qui
817 4563 1021 4650 sequuntur
1058 4550 1180 4644 bodie,
1218 4551 1257 4627 in
1295 4551 1390 4628 sexti
1422 4551 1557 4628 saeculi
1588 4551 1756 4628 doctrina
1790 4550 1904 4626 innixi

336 4681 506 4760 Latinam
538 4678 838 4757 consuetudinem
869 4679 941 4754 iam
971 4678 1047 4754 fere
1079 4679 1322 4772 sustulerunt,
1359 4669 1553 4780 peccantes
1583 4677 1721 4755 scilicet
1751 4678 1789 4754 in
1818 4705 1903 4779 par-

335 4822 411 4885 tem
450 4809 663 4886 doctiorem.
724 4805 896 4882 Similiter
932 4806 971 4882 in
1008 4831 1106 4882 novo
1144 4815 1363 4883 testamento
1395 4805 1587 4898 Fuldensi,
1626 4831 1736 4904 quem
1769 4805 1903 4882 librum

336 4936 464 5014 Victor
490 4935 686 5037 Oapuanus
717 4933 924 5010 emendavit
954 4961 986 5010 a.
1018 4937 1090 5010 546
1117 4933 1320 5034 imperante
1348 4933 1565 5027 Iustiniano,
1604 4931 1901 5031 Lachmannus1)

493 5127 521 5208 ¹)
542 5132 578 5192 In
599 5131 782 5208 praelatione
804 5129 841 5188 ad
862 5147 972 5189 novum
995 5137 1061 5189 1331
1084 5129 1140 5188 331.
1164 5129 1180 5188 I
1201 5149 1230 5207 p.
1253 5127 1388 5188 XXVII.
