5138 6518
657 503 732 574 214

656 703 788 779 tatium
819 702 940 778 studio
973 727 1040 778 nec
1072 729 1139 778 suo
1172 701 1328 802 quisque
1359 699 1462 802 operi
1492 699 1625 778 artifex
1657 701 1792 776 deerat.
1847 697 2067 778 Convocatis
2100 700 2232 776 deinde

657 830 822 906 omnium
853 823 1077 931 pdpulorum
1107 829 1352 929 legationibus
1386 841 1424 905 et
1462 829 1665 904 civitatium
1700 829 1837 930 gratias
1874 827 1963 928 egit,
2005 829 2106 929 quod
2139 854 2233 926 quae

657 958 824 1057 inperata
857 968 980 1032 essent
1019 955 1098 1032 siae
1137 956 1400 1032 detrectatione
1434 955 1711 1058 praestittsseat3
1754 983 1846 1056 quas
1883 955 1955 1057 ipsi
1996 981 2055 1032 res
2087 955 2235 1056 sortiter

538 1125 568 1184 p.
590 1103 633 1168 ab.
647 1082 1017 1186 sachsentllquasque
1053 1084 1091 1158 in
1135 1083 1393 1185 oppugnandis
1439 1083 1591 1160 urbibus
1626 1083 1789 1160 hostium
1829 1083 2018 1183 gessisset,
2060 1083 2233 1184 exposuit

656 1224 695 1287 et
728 1213 776 1286 ad
808 1210 951 1312 reliqua
983 1211 1069 1286 belli
1102 1211 1317 1286 cohortatus
1355 1221 1411 1288 est
1446 1212 1575 1312 paucis
1614 1213 1781 1303 edoctos,
1822 1221 2002 1310 quantum
2033 1210 2233 1312 Hispaniae

655 1338 868 1438 provinciae
899 1339 1092 1414 interesset
1124 1365 1208 1414 suas
1240 1349 1365 1439 partes
1398 1339 1605 1438 superiores
1636 1364 1726 1414 esse.
1785 1337 1947 1430 Dimisso
1981 1337 2113 1414 deinde
2145 1364 2232 1414 con·

655 1478 769 1540 ventu
795 1465 976 1566 iussisque
1002 1465 1172 1541 omnibus
1198 1465 1289 1540 bono
1315 1464 1435 1540 animo
1463 1489 1537 1542 esse
1562 1477 1667 1565 atque
1692 1465 1730 1566 in
1756 1465 1924 1540 civitates
1947 1479 2120 1564 renotare
2147 1492 2232 1541 suas

656 1592 838 1695 principio
865 1594 962 1668 veris
978 1594 1028 1666 M.
1047 1591 1270 1694 Perpernam
1297 1617 1381 1668 cum
1397 1591 1527 1693 viginti
1552 1592 1699 1667 milibus
1725 1592 1900 1692 peditum,
1929 1593 2113 1693 equitibus
2133 1591 2233 1666 mille

657 1719 865 1820 quingentis
899 1721 936 1796 in
967 1719 1201 1797 Ilurcaonum
1231 1732 1378 1820 gentem
1408 1718 1508 1795 misit
1534 1721 1582 1794 ad
1614 1721 1789 1795 tuendam
1820 1719 1979 1819 regionis
2011 1719 2090 1796 eius
2122 1719 2233 1794 mari·

655 1848 784 1922 timam
811 1874 930 1939 oram,
966 1848 1062 1923 datis
1096 1848 1318 1949 praeceptis,
1354 1847 1487 1948 quibus
1518 1845 1709 1923 itineribus
1736 1848 1887 1922 duceret
1912 1849 1959 1922 ad
1986 1847 2233 1922 defendendas

657 1974 776 2050 socias
802 1977 923 2067 urbes,
951 2001 1043 2074 quas
1062 1973 1260 2075 Pompeius
1285 1985 1518 2076 oppugnaret
1543 1973 1749 2074 quibusque
1774 1975 1896 2074 ipsum
1923 1999 2053 2075 agmen
2078 1972 2233 2073 Pompei

553 2145 554 2150 ,
658 2127 705 2176 ex
730 2102 871 2178 insidiis
897 2103 1169 2202 adgrederetur.

542 2271 571 2329 p.
595 2255 636 2313 3².
812 2227 974 2332 llEodem
1001 2241 1166 2330 tempore
1193 2241 1231 2304 et
1255 2230 1304 2304 ad
1321 2227 1618 2321 Herennuleium,
1646 2229 1773 2329 quiin
1799 2229 1915 2306 isdem
1940 2227 2030 2304 locis
2056 2239 2146 2319 erat,
2172 2226 2232 2301 lit·

656 2368 754 2440 teras
779 2357 881 2434 misit
906 2369 944 2432 et
969 2358 1008 2432 in
1034 2359 1188 2433 alteram
1213 2355 1442 2457 provinciam
1468 2358 1516 2432 ad
1532 2355 1574 2432 L.
1594 2356 1829 2449 Hirtuleium,
1855 2355 2095 2456 praecipiens,
2123 2379 2231 2454 quem

658 2485 705 2558 ad
731 2486 882 2560 modum
907 2485 1044 2560 bellum
1070 2483 1319 2559 administrari
1344 2484 1468 2559 vellet:
1502 2495 1588 2560 ante
1614 2484 1747 2576 omnia,
1776 2495 1817 2558 ut
1842 2484 1896 2558 ita
1921 2483 2038 2560 socias
2064 2482 2232 2559 civitates

657 2623 840 2703 tueretur,
874 2637 921 2687 ne
947 2611 1023 2687 acie
1050 2637 1132 2688 cum
1158 2611 1306 2686 Metello
1334 2611 1539 2702 dimicaret,
1573 2611 1647 2687 cui
1663 2637 1731 2688 nec
1757 2611 1977 2687 auctoritate
2001 2635 2069 2688 nec
2092 2610 2232 2686 viribus

657 2749 863 2840 parasset:
890 2764 937 2813 ne
963 2739 1034 2839 ipsi
1060 2739 1209 2840 quidem
1235 2739 1427 2814 consilium
1455 2763 1535 2815 esse
1560 2739 1694 2814 ducere
1711 2738 1887 2814 adversus
1904 2737 2121 2839 Pompeium
2145 2737 2230 2811 iam.

658 2863 786 2965 Neque
812 2864 851 2939 in
877 2865 992 2942 aciem
1018 2867 1278 2942 descensurum
1305 2892 1389 2942 eum
1415 2867 1603 2943 credebat:
1639 2865 1671 2941 si
1694 2865 1905 2941 traheretur
1936 2865 2089 2956 bellum,
2119 2865 2231 2956 hosti,

659 3017 744 3068 cum
774 3018 876 3068 mare
907 2994 953 3068 ab
984 3005 1089 3093 tergo
1122 2994 1405 3094 provinciasque
1435 3020 1563 3072 omnes
1595 2993 1633 3068 in
1664 3003 1848 3093 potestate
1876 2992 2044 3084 haberet,
2078 2993 2232 3068 navibus

659 3119 821 3220 undique
847 3132 1072 3197 commeatus
1098 3132 1291 3212 venturos3
1318 3121 1390 3221 ipsi
1415 3133 1549 3214 autem,
1577 3121 1803 3222 consumptis
1827 3119 1951 3221 priore
1977 3131 2116 3196 aestate
2138 3145 2233 3219 quae

659 3259 881 3349 praeparata
904 3249 1076 3338 fuissent,
1108 3249 1272 3324 omnium
1297 3273 1420 3325 rerum
1445 3248 1608 3349 inopiam
1636 3249 1727 3324 lore.
1780 3246 2005 3348 Perpernam
2030 3247 2068 3322 in
2092 3247 2232 3321 mariti·

543 3420 573 3477 p.
595 3396 637 3460 ab,
659 3372 973 3478 mamllregionem
998 3376 1290 3476 superpositum,
1325 3387 1367 3452 ut
1392 3400 1452 3468 ea,
1487 3401 1581 3476 quae
1611 3376 1756 3476 integra
1786 3375 1906 3451 adhuc
1937 3377 1985 3480 ab
2014 3376 2122 3450 hoste
2147 3375 2232 3466 sint,

658 3502 755 3576 tueri
780 3514 917 3603 posset,
946 3511 993 3594 et,
1021 3503 1053 3577 si
1079 3528 1152 3602 qua
1178 3503 1322 3580 occasio
1349 3505 1471 3595 detur,
1503 3503 1673 3584 incautos
1697 3529 1766 3604 per
1789 3513 1935 3603 tempus
1961 3504 2231 3602 adgressurum.

657 3627 743 3731 Ipse
772 3654 856 3704 eum
882 3656 949 3706 suo
977 3629 1204 3705 exercituin
1230 3629 1394 3706 Berones
1420 3641 1458 3704 et
1481 3630 1702 3706 Autricones
1727 3630 1901 3730 progredi
1926 3630 2070 3721 statuit3
2102 3657 2126 3704 a
2152 3630 2232 3730 qui-

656 3755 728 3831 bus
754 3781 863 3857 saepe
888 3782 956 3857 per
979 3757 1152 3848 hiemem,
1189 3782 1273 3834 cum
1304 3759 1349 3832 ab
1382 3783 1422 3833 se
1448 3769 1749 3858 oppugnarentur
1775 3755 1993 3834 Celtiberiae
2019 3759 2144 3849 urbes,
2177 3758 2231 3832 in·

658 3883 842 3984 ploratam
874 3909 953 3960 esse
987 3909 1096 3985 opem
1125 3883 1279 3984 Pompei
1309 3896 1528 3986 conpererat
1558 3884 1764 3986 missosque
1797 3885 1862 3985 qui
1891 3885 2024 3960 itinera
2056 3884 2232 3961 exercitui

658 4009 827 4086 Romano
861 4023 1111 4088 monstrarent
1155 4023 1193 4088 et
1232 4014 1279 4087 ab
1320 4011 1487 4112 ipsorum
1531 4011 1715 4111 equitibus
1755 4024 1911 4089 vexatos
1950 4038 2060 4114 saepe
2099 4012 2233 4090 milites

660 4163 763 4229 suos,
797 4162 1032 4238 quocumque
1062 4167 1085 4213 a
1113 4138 1243 4215 castris
1268 4165 1335 4241 per
1361 4139 1671 4241 oppugnationem
1698 4137 1917 4216 Contrebiae
1943 4121 2142 4241 pabulandi
2167 4153 2233 4215 aut

659 4264 908 4340 frumentandi
938 4291 1049 4340 causa
1080 4265 1327 4343 accessissent.
1381 4266 1591 4342 Transitum
1623 4293 1772 4367 quoque
1801 4267 1871 4342 sibi
1902 4293 1970 4368 per
2000 4265 2163 4344 Aruacos
2193 4268 2232 4343 in

661 4389 916 4492 Carpetaniam
942 4392 980 4466 in
1007 4393 1180 4494 expedito
1206 4395 1296 4487 fore,
1325 4394 1421 4469 unde
1446 4395 1547 4470 velut
1573 4419 1619 4470 ex
1638 4394 1735 4470 bello
1763 4395 1955 4470 consilium
1980 4421 2019 4470 se
2045 4394 2232 4487 initurum,

543 4565 573 4622 p.
596 4545 636 4604 4·,
659 4529 783 4594 utrum
816 4520 920 4622 prius
950 4521 1112 4613 hostem,
1151 4533 1273 4596 utram
1302 4520 1530 4622 provinciam
1556 4533 1673 4622 petat,
1712 4519 2001 4624 {lmamtimamne
2031 4549 2152 4614 oram,
2189 4533 2233 4598 ut

659 4644 876 4748 Pompeium
902 4649 948 4724 ab
974 4645 1177 4723 Ilercaonia
1202 4659 1239 4724 et
1265 4647 1502 4724 Contestania
1534 4661 1674 4742 arceat,
1709 4660 1866 4750 utraque
1897 4651 1997 4727 socia
2027 4662 2151 4751 gente,
2185 4676 2233 4724 an

660 4774 708 4848 ad
733 4773 920 4850 Metellum
946 4786 984 4850 et
1007 4773 1234 4852 Lusitaniam
1260 4801 1299 4852 se
1325 4787 1526 4852 convertat.

811 4901 913 4978 Haec
945 4927 1068 4979 secum
1100 4902 1242 5002 agitans
1270 4902 1454 4980 Sertorius
1487 4915 1635 5006 praeter
1659 4903 1838 4980 Hiberum
1864 4929 2008 4979 amnem
2032 4929 2099 5005 per
2123 4929 2232 5006 paca-

659 5039 719 5104 tos
750 5053 859 5130 agros
892 5030 1058 5130 quietum
1093 5029 1294 5107 exercitum
1324 5031 1401 5108 sine
1433 5031 1541 5108 ullius
1569 5059 1668 5108 noxa
1699 5033 1815 5114 duxit.
1869 5012 2060 5110 Profectus
2085 5031 2170 5108 inde
2195 5031 2233 5107 in
