5138 6518
1834 547 1904 620 193

487 749 540 826 III
568 753 633 842 67,
654 763 671 820 6
697 775 733 850 p.
753 751 819 840 42,
838 761 873 818 ⁵6
903 773 969 824 nos
989 745 1208 848 plebeiorum
1233 745 1455 824 Veronensis
1481 771 1565 824 cum
1592 749 1698 824 codd.
1718 747 1905 824 deteriori·

333 879 415 969 bus,
442 875 507 952 boa
527 875 748 978 plebeiorum
773 875 1049 952 Nicomachiani
1073 874 1289 977 incorrupti.

484 1004 538 1081 111
566 1007 630 1096 67,
650 1028 684 1074 m
709 1032 746 1106 p.
766 1006 832 1096 43,
851 1024 885 1076 er
918 1004 1101 1105 ecquando
1118 1027 1230 1078 unam
1246 1001 1369 1078 urban
1385 1001 1525 1093 babere,
1548 1003 1729 1105 ecquando
1748 1027 1905 1078 commu·

333 1156 415 1207 ncm
440 1130 536 1208 banc
562 1157 635 1208 esec
658 1129 817 1232 patriam
844 1129 980 1206 licebit?
1011 1130 1071 1207 Sic
1088 1129 1377 1220 Nicomachioni3
1406 1140 1445 1205 at
1470 1129 1572 1230 prius
1598 1130 1706 1207 colon
1723 1132 1905 1230 ecquando

334 1285 447 1334 unam
471 1259 594 1334 urbem
619 1257 747 1334 babere
773 1267 879 1334 abest
904 1285 926 1332 a
950 1258 1152 1334 Veronensi
1177 1259 1333 1335 fortasse
1359 1267 1468 1332 recte.

486 1387 540 1462 111
572 1389 637 1478 68,
662 1406 676 1460 7
709 1413 745 1487 p.
771 1387 838 1478 44,
862 1394 896 1460 tr
929 1397 1092 1484 sequetur
1121 1411 1183 1461 vos
1214 1382 1404 1462 necesu'taa
1432 1367 1615 1460 militandi
1641 1409 1750 1486 quam
1771 1383 1905 1484 supitii

335 1513 556 1590 Veronensis
582 1538 666 1589 cum
693 1514 788 1604 edd,
814 1511 971 1614 sequatur
995 1510 1279 1588 Nicomachiani.

486 1641 540 1718 IV
566 1646 605 1733 7,
629 1661 645 1713 3
671 1667 709 1741 p.
731 1644 797 1732 45,
821 1650 850 1708 rt
885 1637 924 1716 Ο.
954 1636 1097 1716 aarum
1130 1665 1213 1716 cum
1247 1639 1473 1740 requiratur,
1510 1663 1540 1714 o.
1569 1637 1740 1714 curiatius
1768 1641 1906 1716 habent

336 1768 467 1868 reliqui
493 1769 588 1860 libri,
622 1794 652 1843 o.
680 1764 840 1843 ruratica
863 1766 1096 1842 Veronensis.
1152 1767 1254 1844 Haeo
1279 1767 1356 1844 sine
1382 1766 1493 1842 dubio
1520 1766 1673 1866 antiqua
1697 1769 1906 1868 corruptela

336 1909 402 1986 est,
430 1896 493 1971 illa
519 1895 725 1972 emendatio
751 1893 979 1995 grammatici
1003 1894 1173 1994 imperiti.

486 2022 539 2098 IV
565 2027 599 2115 7,
626 2046 670 2097 n.
692 2044 736 2096 12.
764 2050 800 2122 p.
819 2025 881 2114 46,
900 2041 930 2092 21
961 2022 1066 2096 medo
1091 2021 1187 2122 quod
1203 2019 1339 2096 tribuni
1351 2019 1502 2096 militum
1518 2018 1618 2096 initio
1636 2020 1727 2096 anni
1737 2022 1902 2121 sumunt,

336 2175 389 2242 eo,
410 2149 563 2250 perinde
588 2175 633 2225 ac
664 2160 773 2224 comm
806 2174 942 2224 annum
972 2147 1012 2225 in
1041 2147 1369 2248 imperiosorum,
1402 2149 1624 2248 suffectorum
1649 2148 1694 2226 cis
1719 2153 1905 2226 consulum

334 2275 586 2380 praetermeare
610 2275 768 2353 nomina.
808 2274 969 2352 Licinius
990 2274 1118 2352 Macer
1139 2288 1264 2352 auctor
1290 2287 1341 2352 cst
1364 2275 1469 2351 etiam
1493 2275 1533 2350 in
1548 2275 1695 2374 saedere
1711 2275 1904 2354 Ardeatino

337 2417 372 2480 et
390 2404 429 2478 in
453 2403 566 2480 linteis
585 2403 684 2480 libris
702 2405 752 2478 od
767 2402 933 2479 Monetae
959 2429 1001 2479 ca
1018 2401 1171 2479 inventa.
1207 2403 1266 2480 Sic
1283 2403 1360 2480 fere
1377 2403 1592 2480 crediderim
1610 2403 1905 2482 constituendum

336 2532 459 2608 locum
491 2532 652 2632 graviter
685 2543 916 2631 corruptum3
944 2529 1164 2608 Veronensis
1198 2533 1386 2631 quomodo
1414 2531 1557 2606 differat
1592 2531 1637 2606 ab
1672 2531 1820 2610 altanus
1851 2534 1904 2608 fa·

335 2659 456 2736 miliae
481 2659 595 2750 libris,
623 2684 735 2759 supra
760 2657 1029 2759 proposuimus.
1074 2657 1226 2734 Perinde
1242 2685 1287 2734 ac
1304 2659 1420 2758 magis
1439 2657 1628 2734 Livianum
1655 2684 1734 2736 esse
1760 2660 1907 2736 videtur

335 2813 448 2887 quam
468 2786 621 2888 pernicde
645 2810 691 2861 ac
715 2785 749 2862 ci
772 2785 835 2884 (cf.
854 2785 975 2862 Hand.
995 2785 1148 2862 Tursell.
1169 2790 1204 2878 4,
1224 2787 1333 2883 460);
1361 2785 1451 2860 illud
1477 2785 1698 2862 Veronensis
1724 2787 1796 2862 hoc
1821 2787 1904 2864 loco

336 2916 459 3007 habet,
486 2916 558 2990 hoc
583 2914 668 2989 libri
692 2913 872 3013 vulgares.

489 3041 541 3117 lV
568 3045 603 3133 8,
624 3062 638 3110 a
658 3069 695 3142 p.
714 3044 775 3131 46,
796 3049 830 3111 sl
857 3065 949 3140 quac
966 3040 1153 3138 (censura)
1171 3037 1297 3116 deinde
1315 3051 1412 3114 tanto
1430 3038 1644 3115 inmnncnto
1662 3053 1770 3116 aucta
1787 3054 1847 3133 eat,
1865 3055 1906 3117 ut

334 3193 477 3244 monum
491 3167 767 3268 disciplinaeque
778 3167 966 3242 Romanae
978 3191 1087 3266 penes
1104 3191 1183 3242 cam
1198 3165 1367 3265 nequirem,
1385 3179 1527 3242 senona
1545 3165 1767 3268 equitumque
1784 3182 1904 3244 centu·

336 3295 402 3372 riis
420 3295 557 3372 decoris
576 3293 824 3394 dedecorisque
850 3293 1040 3370 abutum
1056 3293 1120 3368 sub
1140 3291 1279 3369 dicium
1296 3291 1371 3368 eius
1386 3293 1628 3392 maminotus,
1656 3293 1731 3370 eius
1745 3295 1904 3395 publico·

335 3449 419 3500 rum
442 3422 501 3498 ius
518 3421 814 3524 privatorumque
844 3422 1020 3514 locorum,
1051 3418 1240 3520 oecliqolia
1260 3419 1390 3521 populi
1410 3419 1572 3496 Romani
1594 3421 1658 3498 aab
1684 3435 1775 3498 nutu
1801 3437 1905 3523 atque

336 3550 485 3626 arbitrio
503 3561 625 3626 esseut.
652 3549 785 3625 Tribus
802 3549 860 3626 his
877 3547 1068 3625 commatis
1087 3559 1174 3648 apte
1191 3549 1549 3648 comprehenduntur
1566 3559 1641 3624 tres
1654 3561 1777 3650 partes
1796 3551 1906 3628 officii

337 3677 503 3768 censorii,
529 3677 662 3753 civium
679 3701 862 3768 recensus,
889 3688 1036 3752 senatus
1054 3675 1292 3776 equitumque
1309 3675 1558 3752 &manorum
1576 3677 1770 3770 ordinatio,
1793 3679 1905 3756 vecti·

337 3805 473 3906 galium
512 3804 658 3881 locatio.
715 3803 828 3880 Recte
858 3803 969 3903 igitur
1005 3813 1045 3878 ut
1078 3802 1172 3880 solet
1201 3801 1406 3902 Madvigius
1437 3803 1578 3878 emend.
1611 3829 1647 3904 p.
1668 3806 1715 3879 92
1744 3805 1906 3882 defendit

337 3933 505 4010 codicum
531 3931 750 4031 scripturam
776 3931 850 4005 iam
866 3929 1068 4006 Veronensi
1094 3955 1241 4030 quoque
1267 3929 1361 4006 libro
1380 3930 1632 4006 confirmatam
1649 3931 1818 4007 centuriae
1836 3959 1904 4033 pro

335 4085 381 4136 eo
412 4060 514 4160 quod
545 4058 773 4134 substituunt
802 4057 967 4158 plerique
992 4057 1213 4136 recentiores
1240 4055 1436 4148 cauturium
1468 4057 1506 4132 in
1538 4083 1582 4132 eo
1613 4058 1745 4158 opinor
1771 4061 1906 4135 enavit

337 4188 439 4286 quod
463 4213 532 4289 pro
557 4197 702 4262 emaum
727 4185 923 4286 proposuit
946 4183 988 4258 c'n
1011 4195 1147 4260 samm.
1205 4183 1300 4261 Nam
1325 4196 1469 4260 cenatus
1495 4183 1633 4261 aaran
1659 4185 1906 4287 dedecorisque

337 4312 528 4390 cautam
554 4339 637 4390 cum
663 4311 832 4412 genetivo
859 4311 996 4412 duplici
1020 4336 1086 4413 per
1113 4337 1152 4387 se
1180 4309 1416 4387 offensionem
1447 4311 1584 4386 nullam
1614 4313 1743 4403 habet;
1776 4313 1905 4390 deinde

337 4467 425 4518 voro
452 4443 554 4542 quod
579 4451 709 4516 auctor
734 4466 757 4513 a
782 4439 975 4540 genetivo.
999 4463 1131 4539 nempe
1155 4438 1297 4540 priore,
1324 4440 1372 4514 ad
1397 4439 1596 4514 ablativum
1623 4439 1787 4531 deflexit,
1820 4442 1906 4518 fecit

335 4569 495 4659 ratione3
523 4593 609 4642 nam
634 4566 775 4667 equites
803 4565 1014 4667 simpliciter
1039 4565 1227 4642 nominare
1253 4592 1328 4640 non
1353 4565 1486 4666 potuit,
1519 4591 1603 4642 cum
1629 4567 1794 4644 censoria
1820 4595 1905 4644 oon·

337 4695 480 4772 stitutio
507 4720 582 4771 non
608 4695 657 4768 ad
682 4718 746 4769 eos
772 4693 810 4766 in
837 4693 1047 4768 universum
1063 4693 1256 4794 pertineat,
1283 4694 1348 4768 sed
1366 4693 1412 4767 ad
1431 4692 1530 4769 solos
1548 4693 1783 4786 centuriatos,
1809 4693 1905 4795 cqui-

337 4837 412 4898 tnm
438 4819 681 4898 centuriarum
708 4818 844 4896 decoris
875 4819 1121 4920 dcdeaombquc
1147 4819 1337 4896 drimimeu
1363 4820 1482 4896 dicere
1509 4819 1642 4912 uoluit,
1677 4845 1724 4896 ne
1753 4821 1905 4921 triplicis

336 4949 497 5050 genetivi
531 4947 778 5025 cumulatione
818 4947 936 5024 oratio
969 4947 1235 5024 obscuraretur.
1295 4947 1339 5024 In
1370 4946 1550 5048 principio
1583 4946 1683 5022 tertii
1716 4951 1907 5026 commatis

337 5077 463 5154 addidi
489 5075 564 5152 ciue
588 5075 627 5150 in
652 5072 855 5150 Veronensi
886 5074 970 5150 libri
996 5087 1209 5176 corruptum
1235 5073 1273 5150 in
1298 5073 1367 5166 ius,
1398 5074 1437 5150 in
1461 5072 1610 5175 reliquis
1637 5075 1811 5152 omissum
1840 5101 1908 5154 nec

380 5224 610 5303 rotomnam
631 5225 682 5284 ar
699 5223 922 5302 pona-vuar.
943 5221 994 5284 ra.
1012 5222 1102 5285 issa.
1123 5221 1179 5283 nr.
1195 5220 1224 5282 e.
1593 5199 1629 5276 Y
1718 5208 1723 5220 ·
