<?xml version="1.0" encoding="UTF-8"?>
<!DOCTYPE html PUBLIC "-//W3C//DTD XHTML 1.0 Transitional//EN"
    "http://www.w3.org/TR/xhtml1/DTD/xhtml1-transitional.dtd">
<html xmlns="http://www.w3.org/1999/xhtml" xml:lang="en" lang="en">
 <head>
  <title>
</title>
<meta http-equiv="Content-Type" content="text/html;charset=utf-8" />
  <meta name='ocr-system' content='tesseract 3.04.00' />
  <meta name='ocr-capabilities' content='ocr_page ocr_carea ocr_par ocr_line ocrx_word'/>
</head>
<body>
  <div class='ocr_page' id='page_1' title='image "./tliviiaburbecon00livygoog_0179.png"; bbox 0 0 5138 6518; ppageno 0'>
   <div class='ocr_carea' id='block_1_1' title="bbox 674 539 747 611">
    <p class='ocr_par' dir='ltr' id='par_1_1' title="bbox 674 539 747 611">
     <span class='ocr_line' id='line_1_1' title="bbox 674 539 747 611; baseline -0.014 0"><span class='ocrx_word' id='word_1_1' title='bbox 674 539 747 611; x_wconf 79' lang='lat'><strong>200</strong></span> 
     </span>
    </p>
   </div>
   <div class='ocr_carea' id='block_1_2' title="bbox 662 736 2249 5176">
    <p class='ocr_par' dir='ltr' id='par_1_2' title="bbox 662 736 2249 2116">
     <span class='ocr_line' id='line_1_2' title="bbox 675 736 2246 841; baseline -0.001 -26"><span class='ocrx_word' id='word_1_2' title='bbox 675 739 891 841; x_wconf 77' lang='lat' dir='ltr'><strong>desuspeque</strong></span> <span class='ocrx_word' id='word_1_3' title='bbox 916 765 1006 815; x_wconf 88' lang='lat' dir='ltr'><strong>cura</strong></span> <span class='ocrx_word' id='word_1_4' title='bbox 1032 737 1148 815; x_wconf 80' lang='lat' dir='ltr'><strong>breui?</strong></span> <span class='ocrx_word' id='word_1_5' title='bbox 1187 737 1313 815; x_wconf 74' lang='lat' dir='ltr'><strong>Breuis</strong></span> <span class='ocrx_word' id='word_1_6' title='bbox 1330 736 1423 814; x_wconf 82' lang='lat' dir='ltr'><strong>enirn</strong></span> <span class='ocrx_word' id='word_1_7' title='bbox 1448 751 1487 815; x_wconf 92' lang='lat' dir='ltr'><strong>et</strong></span> <span class='ocrx_word' id='word_1_8' title='bbox 1510 766 1605 838; x_wconf 91' lang='lat' dir='ltr'><strong>quae</strong></span> <span class='ocrx_word' id='word_1_9' title='bbox 1630 752 1844 841; x_wconf 88' lang='lat' dir='ltr'><strong>sequuntur.</strong></span> <span class='ocrx_word' id='word_1_10' title='bbox 1886 740 1946 817; x_wconf 88' lang='lat' dir='ltr'><strong>Sic</strong></span> <span class='ocrx_word' id='word_1_11' title='bbox 1967 741 2058 816; x_wconf 89' lang='lat' dir='ltr'><strong>haec</strong></span> <span class='ocrx_word' id='word_1_12' title='bbox 2075 741 2246 815; x_wconf 87' lang='lat' dir='ltr'><strong>videntur</strong></span> 
     </span>
     <span class='ocr_line' id='line_1_3' title="bbox 674 867 2246 969; baseline -0.001 -25"><span class='ocrx_word' id='word_1_13' title='bbox 674 893 753 945; x_wconf 87' lang='lat' dir='ltr'><strong>esse</strong></span> <span class='ocrx_word' id='word_1_14' title='bbox 780 869 983 944; x_wconf 89' lang='lat' dir='ltr'><strong>ordinanda</strong></span> <span class='ocrx_word' id='word_1_15' title='bbox 1008 868 1209 943; x_wconf 92' lang='lat' dir='ltr'><strong>secundum</strong></span> <span class='ocrx_word' id='word_1_16' title='bbox 1234 867 1494 960; x_wconf 87' lang='lat' dir='ltr'><strong>Veronensem,</strong></span> <span class='ocrx_word' id='word_1_17' title='bbox 1519 868 1557 942; x_wconf 92' lang='lat' dir='ltr'><strong>in</strong></span> <span class='ocrx_word' id='word_1_18' title='bbox 1585 894 1659 969; x_wconf 92' lang='lat' dir='ltr'><strong>quo</strong></span> <span class='ocrx_word' id='word_1_19' title='bbox 1678 895 1901 969; x_wconf 83' lang='lat' dir='ltr'><strong>quamquem</strong></span> <span class='ocrx_word' id='word_1_20' title='bbox 1927 895 2001 943; x_wconf 93' lang='lat' dir='ltr'><strong>non</strong></span> <span class='ocrx_word' id='word_1_21' title='bbox 2028 867 2152 944; x_wconf 89' lang='lat' dir='ltr'><strong>omnia</strong></span> <span class='ocrx_word' id='word_1_22' title='bbox 2174 868 2246 967; x_wconf 82' lang='lat' dir='ltr'><strong>legi</strong></span> 
     </span>
     <span class='ocr_line' id='line_1_4' title="bbox 673 995 2249 1096; baseline -0.001 -25"><span class='ocrx_word' id='word_1_23' title='bbox 673 1007 891 1096; x_wconf 86' lang='lat' dir='ltr'><strong>potuerunt,</strong></span> <span class='ocrx_word' id='word_1_24' title='bbox 931 1006 1054 1070; x_wconf 89' lang='lat' dir='ltr'><strong>tamen</strong></span> <span class='ocrx_word' id='word_1_25' title='bbox 1093 995 1182 1070; x_wconf 86' lang='lat' dir='ltr'><strong>setis</strong></span> <span class='ocrx_word' id='word_1_26' title='bbox 1213 1005 1360 1070; x_wconf 86' lang='lat' dir='ltr'><strong>constat</strong></span> <span class='ocrx_word' id='word_1_27' title='bbox 1392 1021 1591 1096; x_wconf 84' lang='lat' dir='ltr'><strong>numquam</strong></span> <span class='ocrx_word' id='word_1_28' title='bbox 1629 997 1740 1072; x_wconf 83' lang='lat' dir='ltr'><strong>fuisse</strong></span> <span class='ocrx_word' id='word_1_29' title='bbox 1772 997 2000 1072; x_wconf 89' lang='lat' dir='ltr'><strong>enuntiatum</strong></span> <span class='ocrx_word' id='word_1_30' title='bbox 2033 1007 2166 1095; x_wconf 85' lang='lat' dir='ltr'><strong>quanto</strong></span> <span class='ocrx_word' id='word_1_31' title='bbox 2198 1007 2249 1070; x_wconf 87' lang='lat' dir='ltr'><strong>est</strong></span> 
     </span>
     <span class='ocr_line' id='line_1_5' title="bbox 671 1122 2247 1225; baseline 0 -27"><span class='ocrx_word' id='word_1_32' title='bbox 671 1123 791 1198; x_wconf 81' lang='lat' dir='ltr'><strong>minus</strong></span> <span class='ocrx_word' id='word_1_33' title='bbox 817 1149 927 1223; x_wconf 86' lang='lat' dir='ltr'><strong>opera</strong></span> <span class='ocrx_word' id='word_1_34' title='bbox 953 1122 1046 1198; x_wconf 82' lang='lat' dir='ltr'><strong>tueri</strong></span> <span class='ocrx_word' id='word_1_35' title='bbox 1062 1122 1183 1221; x_wconf 79' lang='lat' dir='ltr'><strong>sactu,</strong></span> <span class='ocrx_word' id='word_1_36' title='bbox 1215 1125 1315 1220; x_wconf 93' lang='lat' dir='ltr'><strong>quod</strong></span> <span class='ocrx_word' id='word_1_37' title='bbox 1341 1123 1378 1198; x_wconf 90' lang='lat' dir='ltr'><strong>in</strong></span> <span class='ocrx_word' id='word_1_38' title='bbox 1403 1123 1553 1223; x_wconf 89' lang='lat' dir='ltr'><strong>reliquis</strong></span> <span class='ocrx_word' id='word_1_39' title='bbox 1579 1122 1680 1198; x_wconf 91' lang='lat' dir='ltr'><strong>libris</strong></span> <span class='ocrx_word' id='word_1_40' title='bbox 1706 1135 1793 1225; x_wconf 90' lang='lat' dir='ltr'><strong>post</strong></span> <span class='ocrx_word' id='word_1_41' title='bbox 1824 1123 1924 1198; x_wconf 84' lang='lat' dir='ltr'><strong>luder</strong></span> <span class='ocrx_word' id='word_1_42' title='bbox 1948 1123 2168 1200; x_wconf 86' lang='lat' dir='ltr'><strong>vocabulum</strong></span> <span class='ocrx_word' id='word_1_43' title='bbox 2194 1123 2247 1198; x_wconf 85' lang='lat' dir='ltr'><strong>ita</strong></span> 
     </span>
     <span class='ocr_line' id='line_1_6' title="bbox 672 1249 2247 1352; baseline -0.001 -27"><span class='ocrx_word' id='word_1_44' title='bbox 672 1251 855 1342; x_wconf 88' lang='lat' dir='ltr'><strong>inseritur,</strong></span> <span class='ocrx_word' id='word_1_45' title='bbox 882 1263 925 1325; x_wconf 93' lang='lat' dir='ltr'><strong>ut</strong></span> <span class='ocrx_word' id='word_1_46' title='bbox 940 1277 1009 1351; x_wconf 94' lang='lat' dir='ltr'><strong>pro</strong></span> <span class='ocrx_word' id='word_1_47' title='bbox 1037 1275 1086 1324; x_wconf 89' lang='lat' dir='ltr'><strong>an</strong></span> <span class='ocrx_word' id='word_1_48' title='bbox 1104 1251 1211 1324; x_wconf 89' lang='lat' dir='ltr'><strong>detur</strong></span> <span class='ocrx_word' id='word_1_49' title='bbox 1236 1261 1278 1326; x_wconf 91' lang='lat' dir='ltr'><strong>et.</strong></span> <span class='ocrx_word' id='word_1_50' title='bbox 1321 1250 1465 1326; x_wconf 86' lang='lat' dir='ltr'>Deinde</span> <span class='ocrx_word' id='word_1_51' title='bbox 1492 1250 1589 1326; x_wconf 81' lang='lat' dir='ltr'><strong>brevi</strong></span> <span class='ocrx_word' id='word_1_52' title='bbox 1611 1261 1696 1325; x_wconf 88' lang='lat' dir='ltr'><strong>ante</strong></span> <span class='ocrx_word' id='word_1_53' title='bbox 1722 1249 1834 1326; x_wconf 70' lang='lat' dir='ltr'><strong>brecti</strong></span> <span class='ocrx_word' id='word_1_54' title='bbox 1856 1253 1956 1349; x_wconf 92' lang='lat' dir='ltr'><strong>quod</strong></span> <span class='ocrx_word' id='word_1_55' title='bbox 1973 1261 2247 1352; x_wconf 88' lang='lat' dir='ltr'><strong>proposuerunt</strong></span> 
     </span>
     <span class='ocr_line' id='line_1_7' title="bbox 672 1377 2245 1475; baseline -0.001 -21"><span class='ocrx_word' id='word_1_56' title='bbox 672 1379 742 1454; x_wconf 87' lang='lat' dir='ltr'><strong>viri</strong></span> <span class='ocrx_word' id='word_1_57' title='bbox 768 1378 868 1454; x_wconf 90' lang='lat' dir='ltr'><strong>docti</strong></span> <span class='ocrx_word' id='word_1_58' title='bbox 895 1378 1068 1453; x_wconf 88' lang='lat' dir='ltr'><strong>omissum</strong></span> <span class='ocrx_word' id='word_1_59' title='bbox 1094 1377 1132 1451; x_wconf 90' lang='lat' dir='ltr'><strong>in</strong></span> <span class='ocrx_word' id='word_1_60' title='bbox 1159 1377 1288 1454; x_wconf 88' lang='lat' dir='ltr'><strong>ceteris</strong></span> <span class='ocrx_word' id='word_1_61' title='bbox 1314 1378 1417 1455; x_wconf 88' lang='lat' dir='ltr'><strong>libris</strong></span> <span class='ocrx_word' id='word_1_62' title='bbox 1449 1405 1523 1454; x_wconf 94' lang='lat' dir='ltr'><strong>non</strong></span> <span class='ocrx_word' id='word_1_63' title='bbox 1551 1381 1655 1454; x_wconf 89' lang='lat' dir='ltr'><strong>adest</strong></span> <span class='ocrx_word' id='word_1_64' title='bbox 1680 1378 1828 1475; x_wconf 92' lang='lat' dir='ltr'><strong>quidem</strong></span> <span class='ocrx_word' id='word_1_65' title='bbox 1862 1379 1899 1454; x_wconf 88' lang='lat' dir='ltr'><strong>in</strong></span> <span class='ocrx_word' id='word_1_66' title='bbox 1925 1378 2144 1470; x_wconf 81' lang='lat' dir='ltr'><strong>Veronensi,</strong></span> <span class='ocrx_word' id='word_1_67' title='bbox 2180 1379 2245 1452; x_wconf 89' lang='lat' dir='ltr'><strong>sed</strong></span> 
     </span>
     <span class='ocr_line' id='line_1_8' title="bbox 673 1505 2245 1606; baseline -0.002 -24"><span class='ocrx_word' id='word_1_68' title='bbox 673 1507 819 1582; x_wconf 88' lang='lat' dir='ltr'><strong>videtur</strong></span> <span class='ocrx_word' id='word_1_69' title='bbox 848 1505 985 1606; x_wconf 85' lang='lat' dir='ltr'><strong>requiri</strong></span> <span class='ocrx_word' id='word_1_70' title='bbox 1018 1505 1144 1606; x_wconf 86' lang='lat' dir='ltr'><strong>spatiis</strong></span> <span class='ocrx_word' id='word_1_71' title='bbox 1175 1531 1209 1579; x_wconf 90' lang='lat' dir='ltr'><strong>v.</strong></span> <span class='ocrx_word' id='word_1_72' title='bbox 1235 1514 1280 1578; x_wconf 83' lang='lat' dir='ltr'><strong>st.</strong></span> <span class='ocrx_word' id='word_1_73' title='bbox 1333 1507 1422 1582; x_wconf 89' lang='lat' dir='ltr'><strong>Mox</strong></span> <span class='ocrx_word' id='word_1_74' title='bbox 1448 1507 1549 1606; x_wconf 89' lang='lat' dir='ltr'><strong>quod</strong></span> <span class='ocrx_word' id='word_1_75' title='bbox 1580 1508 1718 1581; x_wconf 92' lang='lat' dir='ltr'><strong>dudum</strong></span> <span class='ocrx_word' id='word_1_76' title='bbox 1749 1517 2016 1582; x_wconf 86' lang='lat' dir='ltr'><strong>revocaverunt</strong></span> <span class='ocrx_word' id='word_1_77' title='bbox 2045 1505 2113 1580; x_wconf 90' lang='lat' dir='ltr'><strong>viri</strong></span> <span class='ocrx_word' id='word_1_78' title='bbox 2146 1505 2245 1580; x_wconf 92' lang='lat' dir='ltr'><strong>docti</strong></span> 
     </span>
     <span class='ocr_line' id='line_1_9' title="bbox 670 1630 2242 1734; baseline -0.001 -25"><span class='ocrx_word' id='word_1_79' title='bbox 670 1659 743 1709; x_wconf 89' lang='lat' dir='ltr'><strong>uno</strong></span> <span class='ocrx_word' id='word_1_80' title='bbox 771 1646 888 1709; x_wconf 90' lang='lat' dir='ltr'><strong>tenore</strong></span> <span class='ocrx_word' id='word_1_81' title='bbox 920 1659 988 1733; x_wconf 90' lang='lat' dir='ltr'><strong>pro</strong></span> <span class='ocrx_word' id='word_1_82' title='bbox 1023 1631 1159 1707; x_wconf 85' lang='lat' dir='ltr'><strong>tradita</strong></span> <span class='ocrx_word' id='word_1_83' title='bbox 1182 1633 1338 1710; x_wconf 88' lang='lat' dir='ltr'><strong>lectione</strong></span> <span class='ocrx_word' id='word_1_84' title='bbox 1363 1659 1435 1708; x_wconf 88' lang='lat' dir='ltr'><strong>uno</strong></span> <span class='ocrx_word' id='word_1_85' title='bbox 1462 1645 1630 1734; x_wconf 84' lang='lat' dir='ltr'><strong>tempore,</strong></span> <span class='ocrx_word' id='word_1_86' title='bbox 1662 1633 1695 1708; x_wconf 89' lang='lat' dir='ltr'><strong>ei</strong></span> <span class='ocrx_word' id='word_1_87' title='bbox 1722 1634 1901 1710; x_wconf 85' lang='lat' dir='ltr'><strong>calculum</strong></span> <span class='ocrx_word' id='word_1_88' title='bbox 1919 1634 2005 1706; x_wconf 80' lang='lat' dir='ltr'><strong>iam</strong></span> <span class='ocrx_word' id='word_1_89' title='bbox 2036 1631 2147 1708; x_wconf 89' lang='lat' dir='ltr'><strong>adicit</strong></span> <span class='ocrx_word' id='word_1_90' title='bbox 2170 1630 2242 1708; x_wconf 88' lang='lat' dir='ltr'><strong>Ve-</strong></span> 
     </span>
     <span class='ocr_line' id='line_1_10' title="bbox 672 1759 2244 1861; baseline -0.003 -22"><span class='ocrx_word' id='word_1_91' title='bbox 672 1761 849 1839; x_wconf 90' lang='lat' dir='ltr'><strong>ronensis.</strong></span> <span class='ocrx_word' id='word_1_92' title='bbox 903 1759 1041 1835; x_wconf 78' lang='lat' dir='ltr'><strong>Contra</strong></span> <span class='ocrx_word' id='word_1_93' title='bbox 1072 1763 1173 1860; x_wconf 92' lang='lat' dir='ltr'><strong>quod</strong></span> <span class='ocrx_word' id='word_1_94' title='bbox 1203 1761 1384 1860; x_wconf 85' lang='lat' dir='ltr'><strong>sequitur:</strong></span> <span class='ocrx_word' id='word_1_95' title='bbox 1416 1786 1525 1836; x_wconf 85' lang='lat' dir='ltr'><strong>curne</strong></span> <span class='ocrx_word' id='word_1_96' title='bbox 1555 1759 1629 1860; x_wconf 80' lang='lat' dir='ltr'><strong>ipsi</strong></span> <span class='ocrx_word' id='word_1_97' title='bbox 1742 1759 1922 1837; x_wconf 80' lang='lat' dir='ltr'><strong>lentiorem</strong></span> <span class='ocrx_word' id='word_1_98' title='bbox 1951 1785 2051 1861; x_wconf 87' lang='lat' dir='ltr'><strong>spem</strong></span> <span class='ocrx_word' id='word_1_99' title='bbox 2084 1772 2244 1835; x_wconf 75' lang='lat' dir='ltr'><strong>noenum</strong></span> 
     </span>
     <span class='ocr_line' id='line_1_11' title="bbox 662 1887 2242 1989; baseline -0.003 -23"><span class='ocrx_word' id='word_1_100' title='bbox 662 1888 849 1989; x_wconf 78' lang='lat' dir='ltr'><strong>sosimus?</strong></span> <span class='ocrx_word' id='word_1_101' title='bbox 875 1889 1073 1964; x_wconf 81' lang='lat' dir='ltr'><strong>admodum</strong></span> <span class='ocrx_word' id='word_1_102' title='bbox 1092 1888 1242 1963; x_wconf 90' lang='lat' dir='ltr'><strong>dubium</strong></span> <span class='ocrx_word' id='word_1_103' title='bbox 1269 1899 1334 1980; x_wconf 89' lang='lat' dir='ltr'><strong>est,</strong></span> <span class='ocrx_word' id='word_1_104' title='bbox 1362 1914 1446 1964; x_wconf 91' lang='lat' dir='ltr'><strong>cum</strong></span> <span class='ocrx_word' id='word_1_105' title='bbox 1472 1913 1545 1963; x_wconf 95' lang='lat' dir='ltr'><strong>non</strong></span> <span class='ocrx_word' id='word_1_106' title='bbox 1565 1889 1709 1965; x_wconf 80' lang='lat' dir='ltr'><strong>soleant</strong></span> <span class='ocrx_word' id='word_1_107' title='bbox 1723 1889 1925 1989; x_wconf 81' lang='lat' dir='ltr'><strong>particulae</strong></span> <span class='ocrx_word' id='word_1_108' title='bbox 1949 1890 2042 1964; x_wconf 88' lang='lat' dir='ltr'><strong>istae</strong></span> <span class='ocrx_word' id='word_1_109' title='bbox 2067 1887 2242 1988; x_wconf 87' lang='lat' dir='ltr'><strong>copulari,</strong></span> 
     </span>
     <span class='ocr_line' id='line_1_12' title="bbox 672 2014 2085 2116; baseline -0.002 -23"><span class='ocrx_word' id='word_1_110' title='bbox 672 2030 714 2093; x_wconf 91' lang='lat' dir='ltr'><strong>ut</strong></span> <span class='ocrx_word' id='word_1_111' title='bbox 738 2017 852 2091; x_wconf 88' lang='lat' dir='ltr'><strong>tutius</strong></span> <span class='ocrx_word' id='word_1_112' title='bbox 879 2014 1075 2090; x_wconf 80' lang='lat' dir='ltr'><strong>subsistere</strong></span> <span class='ocrx_word' id='word_1_113' title='bbox 1099 2015 1288 2090; x_wconf 87' lang='lat' dir='ltr'><strong>videamur</strong></span> <span class='ocrx_word' id='word_1_114' title='bbox 1313 2015 1351 2090; x_wconf 90' lang='lat' dir='ltr'><strong>in</strong></span> <span class='ocrx_word' id='word_1_115' title='bbox 1377 2016 1533 2093; x_wconf 91' lang='lat' dir='ltr'><strong>lectione</strong></span> <span class='ocrx_word' id='word_1_116' title='bbox 1557 2016 1716 2090; x_wconf 83' lang='lat' dir='ltr'><strong>familiae</strong></span> <span class='ocrx_word' id='word_1_117' title='bbox 1740 2017 1889 2092; x_wconf 84' lang='lat' dir='ltr'><strong>alterius</strong></span> <span class='ocrx_word' id='word_1_118' title='bbox 1914 2041 1981 2092; x_wconf 91' lang='lat' dir='ltr'><strong>nec</strong></span> <span class='ocrx_word' id='word_1_119' title='bbox 2006 2015 2085 2116; x_wconf 70' lang='lat' dir='ltr'><strong>spei</strong></span> 
     </span>
    </p>

    <p class='ocr_par' dir='ltr' id='par_1_3' title="bbox 671 2141 2242 2499">
     <span class='ocr_line' id='line_1_13' title="bbox 821 2141 2241 2243; baseline 0 -25"><span class='ocrx_word' id='word_1_120' title='bbox 821 2142 856 2218; x_wconf 93' lang='lat' dir='ltr'>V</span> <span class='ocrx_word' id='word_1_121' title='bbox 884 2145 918 2234; x_wconf 85' lang='lat'><strong>6,</strong></span> <span class='ocrx_word' id='word_1_122' title='bbox 937 2162 953 2211; x_wconf 82' lang='lat' dir='ltr'><strong>a</strong></span> <span class='ocrx_word' id='word_1_123' title='bbox 978 2169 1016 2243; x_wconf 92' lang='lat' dir='ltr'><strong>p.</strong></span> <span class='ocrx_word' id='word_1_124' title='bbox 1036 2145 1095 2234; x_wconf 75' lang='lat'><strong>82,</strong></span> <span class='ocrx_word' id='word_1_125' title='bbox 1115 2159 1166 2215; x_wconf 83' lang='lat' dir='ltr'><strong>so:</strong></span> <span class='ocrx_word' id='word_1_126' title='bbox 1193 2141 1288 2218; x_wconf 82' lang='lat' dir='ltr'><strong>sieut</strong></span> <span class='ocrx_word' id='word_1_127' title='bbox 1307 2142 1456 2218; x_wconf 81' lang='lat' dir='ltr'><strong>aestivos</strong></span> <span class='ocrx_word' id='word_1_128' title='bbox 1478 2169 1560 2219; x_wconf 86' lang='lat' dir='ltr'><strong>aues</strong></span> <span class='ocrx_word' id='word_1_129' title='bbox 1585 2142 1704 2218; x_wconf 80' lang='lat' dir='ltr'><strong>statim</strong></span> <span class='ocrx_word' id='word_1_130' title='bbox 1721 2155 1892 2218; x_wconf 84' lang='lat' dir='ltr'><strong>autumno</strong></span> <span class='ocrx_word' id='word_1_131' title='bbox 1911 2155 2001 2220; x_wconf 85' lang='lat' dir='ltr'><strong>tecta</strong></span> <span class='ocrx_word' id='word_1_132' title='bbox 2023 2169 2068 2218; x_wconf 88' lang='lat' dir='ltr'><strong>ac</strong></span> <span class='ocrx_word' id='word_1_133' title='bbox 2084 2167 2241 2219; x_wconf 77' lang='lat' dir='ltr'><strong>recessere</strong></span> 
     </span>
     <span class='ocr_line' id='line_1_14' title="bbox 671 2269 2242 2372; baseline -0.003 -24"><span class='ocrx_word' id='word_1_134' title='bbox 671 2269 940 2370; x_wconf 70' lang='lat' dir='ltr'><strong>circumspicere</strong></span> <span class='ocrx_word' id='word_1_135' title='bbox 965 2269 1204 2361; x_wconf 85' lang='lat' dir='ltr'><strong>Veronensis3</strong></span> <span class='ocrx_word' id='word_1_136' title='bbox 1232 2271 1362 2370; x_wconf 87' lang='lat' dir='ltr'><strong>reliqui</strong></span> <span class='ocrx_word' id='word_1_137' title='bbox 1387 2271 1525 2346; x_wconf 82' lang='lat' dir='ltr'><strong>hebent</strong></span> <span class='ocrx_word' id='word_1_138' title='bbox 1549 2295 1725 2347; x_wconf 84' lang='lat' dir='ltr'><strong>recessum</strong></span> <span class='ocrx_word' id='word_1_139' title='bbox 1750 2271 1870 2346; x_wconf 88' lang='lat' dir='ltr'><strong>minus</strong></span> <span class='ocrx_word' id='word_1_140' title='bbox 1888 2272 2049 2372; x_wconf 87' lang='lat' dir='ltr'><strong>proprie,</strong></span> <span class='ocrx_word' id='word_1_141' title='bbox 2076 2296 2160 2347; x_wconf 90' lang='lat' dir='ltr'><strong>cum</strong></span> <span class='ocrx_word' id='word_1_142' title='bbox 2185 2295 2242 2345; x_wconf 90' lang='lat' dir='ltr'><strong>re·</strong></span> 
     </span>
     <span class='ocr_line' id='line_1_15' title="bbox 671 2397 1217 2499; baseline -0.007 -23"><span class='ocrx_word' id='word_1_143' title='bbox 671 2425 795 2476; x_wconf 88' lang='lat' dir='ltr'><strong>cessus</strong></span> <span class='ocrx_word' id='word_1_144' title='bbox 820 2397 920 2499; x_wconf 84' lang='lat' dir='ltr'><strong>ipsae</strong></span> <span class='ocrx_word' id='word_1_145' title='bbox 948 2397 1020 2474; x_wconf 88' lang='lat' dir='ltr'><strong>sint</strong></span> <span class='ocrx_word' id='word_1_146' title='bbox 1045 2397 1217 2472; x_wconf 86' lang='lat' dir='ltr'><strong>latebrae.</strong></span> 
     </span>
    </p>

    <p class='ocr_par' dir='ltr' id='par_1_4' title="bbox 669 2521 2241 3137">
     <span class='ocr_line' id='line_1_16' title="bbox 821 2521 2241 2627; baseline -0.001 -26"><span class='ocrx_word' id='word_1_147' title='bbox 821 2525 856 2601; x_wconf 93' lang='lat' dir='ltr'>V</span> <span class='ocrx_word' id='word_1_148' title='bbox 884 2529 972 2616; x_wconf 78' lang='lat' dir='ltr'><strong>6,1s</strong></span> <span class='ocrx_word' id='word_1_149' title='bbox 999 2553 1034 2626; x_wconf 93' lang='lat' dir='ltr'><strong>p.</strong></span> <span class='ocrx_word' id='word_1_150' title='bbox 1056 2521 1115 2617; x_wconf 83' lang='lat'><strong>84,</strong></span> <span class='ocrx_word' id='word_1_151' title='bbox 1135 2545 1167 2595; x_wconf 79' lang='lat'><strong>51</strong></span> <span class='ocrx_word' id='word_1_152' title='bbox 1196 2525 1285 2600; x_wconf 87' lang='lat' dir='ltr'><strong>adeo</strong></span> <span class='ocrx_word' id='word_1_153' title='bbox 1312 2524 1487 2626; x_wconf 82' lang='lat' dir='ltr'><strong>quidquid</strong></span> <span class='ocrx_word' id='word_1_154' title='bbox 1511 2537 1553 2600; x_wconf 87' lang='lat' dir='ltr'><strong>tr.</strong></span> <span class='ocrx_word' id='word_1_155' title='bbox 1573 2528 1628 2627; x_wconf 90' lang='lat' dir='ltr'><strong>pl.</strong></span> <span class='ocrx_word' id='word_1_156' title='bbox 1664 2525 1821 2626; x_wconf 80' lang='lat' dir='ltr'><strong>loquitur</strong></span> <span class='ocrx_word' id='word_1_157' title='bbox 1850 2525 1919 2602; x_wconf 84' lang='lat' dir='ltr'><strong>etsi</strong></span> <span class='ocrx_word' id='word_1_158' title='bbox 1946 2527 2153 2627; x_wconf 79' lang='lat' dir='ltr'><strong>prodendae</strong></span> <span class='ocrx_word' id='word_1_159' title='bbox 2171 2551 2241 2626; x_wconf 89' lang='lat' dir='ltr'><strong>pa-</strong></span> 
     </span>
     <span class='ocr_line' id='line_1_17' title="bbox 672 2651 2241 2754; baseline 0 -26"><span class='ocrx_word' id='word_1_160' title='bbox 672 2652 762 2729; x_wconf 84' lang='lat' dir='ltr'><strong>tn&#39;ue</strong></span> <span class='ocrx_word' id='word_1_161' title='bbox 864 2666 915 2728; x_wconf 88' lang='lat' dir='ltr'><strong>est</strong></span> <span class='ocrx_word' id='word_1_162' title='bbox 938 2652 1111 2728; x_wconf 73' lang='lat' dir='ltr'><strong>adsuetis</strong></span> <span class='ocrx_word' id='word_1_163' title='bbox 1138 2651 1265 2728; x_wconf 80' lang='lat' dir='ltr'><strong>audire</strong></span> <span class='ocrx_word' id='word_1_164' title='bbox 1290 2653 1436 2729; x_wconf 89' lang='lat' dir='ltr'><strong>videtur</strong></span> <span class='ocrx_word' id='word_1_165' title='bbox 1461 2653 1573 2729; x_wconf 84' lang='lat' dir='ltr'><strong>fuisse</strong></span> <span class='ocrx_word' id='word_1_166' title='bbox 1598 2655 1634 2728; x_wconf 91' lang='lat' dir='ltr'><strong>in</strong></span> <span class='ocrx_word' id='word_1_167' title='bbox 1660 2653 1865 2730; x_wconf 87' lang='lat' dir='ltr'><strong>Veronensi</strong></span> <span class='ocrx_word' id='word_1_168' title='bbox 1890 2653 2026 2730; x_wconf 88' lang='lat' dir='ltr'><strong>omisso</strong></span> <span class='ocrx_word' id='word_1_169' title='bbox 2054 2654 2118 2754; x_wconf 81' lang='lat' dir='ltr'><strong>que&#39;</strong></span> <span class='ocrx_word' id='word_1_170' title='bbox 2142 2655 2241 2753; x_wconf 92' lang='lat' dir='ltr'><strong>quod</strong></span> 
     </span>
     <span class='ocr_line' id='line_1_18' title="bbox 669 2779 2239 2880; baseline -0.001 -24"><span class='ocrx_word' id='word_1_171' title='bbox 669 2783 836 2857; x_wconf 90' lang='lat' dir='ltr'><strong>inserunt</strong></span> <span class='ocrx_word' id='word_1_172' title='bbox 860 2779 991 2879; x_wconf 89' lang='lat' dir='ltr'><strong>reliqui</strong></span> <span class='ocrx_word' id='word_1_173' title='bbox 1007 2779 1091 2854; x_wconf 92' lang='lat' dir='ltr'><strong>libri</strong></span> <span class='ocrx_word' id='word_1_174' title='bbox 1108 2790 1195 2880; x_wconf 89' lang='lat' dir='ltr'><strong>post</strong></span> <span class='ocrx_word' id='word_1_175' title='bbox 1219 2779 1402 2873; x_wconf 70' lang='lat' dir='ltr'><strong>adsuestis,</strong></span> <span class='ocrx_word' id='word_1_176' title='bbox 1428 2793 1612 2856; x_wconf 87' lang='lat' dir='ltr'><strong>mutatum</strong></span> <span class='ocrx_word' id='word_1_177' title='bbox 1639 2784 1685 2856; x_wconf 88' lang='lat' dir='ltr'><strong>ab</strong></span> <span class='ocrx_word' id='word_1_178' title='bbox 1711 2781 1790 2857; x_wconf 85' lang='lat' dir='ltr'><strong>aliis</strong></span> <span class='ocrx_word' id='word_1_179' title='bbox 1815 2781 1852 2856; x_wconf 92' lang='lat' dir='ltr'><strong>in</strong></span> <span class='ocrx_word' id='word_1_180' title='bbox 1880 2780 1995 2880; x_wconf 80' lang='lat' dir='ltr'><strong>aequi,</strong></span> <span class='ocrx_word' id='word_1_181' title='bbox 2024 2783 2070 2858; x_wconf 88' lang='lat' dir='ltr'><strong>ab</strong></span> <span class='ocrx_word' id='word_1_182' title='bbox 2098 2781 2176 2857; x_wconf 86' lang='lat' dir='ltr'><strong>aliis</strong></span> <span class='ocrx_word' id='word_1_183' title='bbox 2202 2781 2239 2856; x_wconf 92' lang='lat' dir='ltr'><strong>in</strong></span> 
     </span>
     <span class='ocr_line' id='line_1_19' title="bbox 670 2905 2240 3012; baseline -0.001 -28"><span class='ocrx_word' id='word_1_184' title='bbox 670 2907 796 3009; x_wconf 81' lang='lat' dir='ltr'><strong>quien‘3</strong></span> <span class='ocrx_word' id='word_1_185' title='bbox 833 2908 897 2982; x_wconf 88' lang='lat' dir='ltr'><strong>sed</strong></span> <span class='ocrx_word' id='word_1_186' title='bbox 928 2905 1054 2982; x_wconf 83' lang='lat' dir='ltr'><strong>audire</strong></span> <span class='ocrx_word' id='word_1_187' title='bbox 1087 2909 1183 2982; x_wconf 91' lang='lat' dir='ltr'><strong>nude</strong></span> <span class='ocrx_word' id='word_1_188' title='bbox 1215 2907 1377 3010; x_wconf 89' lang='lat' dir='ltr'><strong>positum</strong></span> <span class='ocrx_word' id='word_1_189' title='bbox 1403 2907 1546 2985; x_wconf 86' lang='lat' dir='ltr'><strong>sufficit.</strong></span> <span class='ocrx_word' id='word_1_190' title='bbox 1599 2907 1696 2985; x_wconf 85' lang='lat' dir='ltr'><strong>Fieri</strong></span> <span class='ocrx_word' id='word_1_191' title='bbox 1722 2920 1846 3009; x_wconf 89' lang='lat' dir='ltr'><strong>potest</strong></span> <span class='ocrx_word' id='word_1_192' title='bbox 1871 2921 1913 2984; x_wconf 89' lang='lat' dir='ltr'><strong>ut</strong></span> <span class='ocrx_word' id='word_1_193' title='bbox 1938 2907 2004 3009; x_wconf 79' lang='lat' dir='ltr'><strong>qui</strong></span> <span class='ocrx_word' id='word_1_194' title='bbox 2026 2921 2240 3012; x_wconf 86' lang='lat' dir='ltr'><strong>corruptum</strong></span> 
     </span>
     <span class='ocr_line' id='line_1_20' title="bbox 671 3033 1386 3137; baseline -0.003 -25"><span class='ocrx_word' id='word_1_195' title='bbox 671 3036 720 3112; x_wconf 88' lang='lat' dir='ltr'><strong>sit</strong></span> <span class='ocrx_word' id='word_1_196' title='bbox 746 3062 792 3111; x_wconf 87' lang='lat' dir='ltr'><strong>ex</strong></span> <span class='ocrx_word' id='word_1_197' title='bbox 819 3033 971 3120; x_wconf 76' lang='lat' dir='ltr'><strong>Quirites</strong></span> <span class='ocrx_word' id='word_1_198' title='bbox 998 3046 1040 3110; x_wconf 92' lang='lat' dir='ltr'><strong>ut</strong></span> <span class='ocrx_word' id='word_1_199' title='bbox 1065 3061 1177 3136; x_wconf 89' lang='lat' dir='ltr'><strong>supra</strong></span> <span class='ocrx_word' id='word_1_200' title='bbox 1202 3063 1239 3137; x_wconf 88' lang='lat' dir='ltr'><strong>p.</strong></span> <span class='ocrx_word' id='word_1_201' title='bbox 1261 3039 1321 3127; x_wconf 82' lang='grc'><strong>77,</strong></span> <span class='ocrx_word' id='word_1_202' title='bbox 1340 3056 1386 3110; x_wconf 87' lang='lat' dir='ltr'><strong>ss.</strong></span> 
     </span>
    </p>

    <p class='ocr_par' dir='ltr' id='par_1_5' title="bbox 671 3162 2240 3391">
     <span class='ocr_line' id='line_1_21' title="bbox 821 3162 2240 3264; baseline 0 -26"><span class='ocrx_word' id='word_1_203' title='bbox 821 3162 856 3238; x_wconf 93' lang='lat' dir='ltr'>V</span> <span class='ocrx_word' id='word_1_204' title='bbox 884 3168 918 3255; x_wconf 83' lang='grc'><strong>7,</strong></span> <span class='ocrx_word' id='word_1_205' title='bbox 939 3185 954 3232; x_wconf 90' lang='lat' dir='ltr'><strong>s</strong></span> <span class='ocrx_word' id='word_1_206' title='bbox 980 3189 1016 3264; x_wconf 93' lang='lat' dir='ltr'><strong>p.</strong></span> <span class='ocrx_word' id='word_1_207' title='bbox 1038 3163 1133 3255; x_wconf 86' lang='lat'><strong>86,9</strong></span> <span class='ocrx_word' id='word_1_208' title='bbox 1168 3174 1346 3237; x_wconf 79' lang='lat' dir='ltr'><strong>tumuere</strong></span> <span class='ocrx_word' id='word_1_209' title='bbox 1371 3162 1646 3263; x_wconf 74' lang='lat' dir='ltr'><strong>superfundenti</strong></span> <span class='ocrx_word' id='word_1_210' title='bbox 1672 3189 1709 3239; x_wconf 90' lang='lat' dir='ltr'><strong>se</strong></span> <span class='ocrx_word' id='word_1_211' title='bbox 1740 3162 1893 3240; x_wconf 81' lang='lat' dir='ltr'><strong>laetitiae</strong></span> <span class='ocrx_word' id='word_1_212' title='bbox 1923 3163 1982 3238; x_wconf 68' lang='lat' dir='ltr'><strong>vrit</strong></span> <span class='ocrx_word' id='word_1_213' title='bbox 2009 3177 2240 3264; x_wconf 85' lang='lat' dir='ltr'><strong>temperatum</strong></span> 
     </span>
     <span class='ocr_line' id='line_1_22' title="bbox 671 3289 1666 3391; baseline -0.005 -21"><span class='ocrx_word' id='word_1_214' title='bbox 671 3303 724 3370; x_wconf 90' lang='lat' dir='ltr'><strong>est</strong></span> <span class='ocrx_word' id='word_1_215' title='bbox 744 3291 966 3367; x_wconf 84' lang='lat' dir='ltr'><strong>Veronensis</strong></span> <span class='ocrx_word' id='word_1_216' title='bbox 993 3290 1128 3366; x_wconf 88' lang='lat' dir='ltr'><strong>omissa</strong></span> <span class='ocrx_word' id='word_1_217' title='bbox 1152 3303 1240 3391; x_wconf 88' lang='lat' dir='ltr'><strong>post</strong></span> <span class='ocrx_word' id='word_1_218' title='bbox 1264 3315 1350 3366; x_wconf 87' lang='lat' dir='ltr'><strong>uero</strong></span> <span class='ocrx_word' id='word_1_219' title='bbox 1375 3289 1557 3391; x_wconf 85' lang='lat' dir='ltr'><strong>particulo</strong></span> <span class='ocrx_word' id='word_1_220' title='bbox 1581 3289 1666 3366; x_wconf 79' lang='lat' dir='ltr'><strong>iam.</strong></span> 
     </span>
    </p>

    <p class='ocr_par' dir='ltr' id='par_1_6' title="bbox 669 3416 2239 3903">
     <span class='ocr_line' id='line_1_23' title="bbox 821 3416 2237 3518; baseline 0.001 -26"><span class='ocrx_word' id='word_1_221' title='bbox 821 3417 909 3508; x_wconf 73' lang='lat' dir='ltr'><strong>Vl,</strong></span> <span class='ocrx_word' id='word_1_222' title='bbox 931 3441 959 3488; x_wconf 84' lang='lat' dir='ltr'><strong>u</strong></span> <span class='ocrx_word' id='word_1_223' title='bbox 980 3444 1017 3518; x_wconf 91' lang='lat' dir='ltr'><strong>p.</strong></span> <span class='ocrx_word' id='word_1_224' title='bbox 1037 3421 1098 3508; x_wconf 89' lang='lat'><strong>86,</strong></span> <span class='ocrx_word' id='word_1_225' title='bbox 1113 3437 1163 3492; x_wconf 81' lang='lat' dir='ltr'><strong>se:</strong></span> <span class='ocrx_word' id='word_1_226' title='bbox 1192 3416 1352 3494; x_wconf 79' lang='lat' dir='ltr'><strong>certatim</strong></span> <span class='ocrx_word' id='word_1_227' title='bbox 1365 3417 1529 3518; x_wconf 62' lang='lat' dir='ltr'><strong>ponebas</strong></span> <span class='ocrx_word' id='word_1_228' title='bbox 1539 3417 1722 3518; x_wconf 83' lang='lat' dir='ltr'><strong>plebeique</strong></span> <span class='ocrx_word' id='word_1_229' title='bbox 1737 3444 1888 3494; x_wconf 72' lang='lat' dir='ltr'><strong>innume</strong></span> <span class='ocrx_word' id='word_1_230' title='bbox 1902 3417 2039 3518; x_wconf 82' lang='lat' dir='ltr'><strong>paudio</strong></span> <span class='ocrx_word' id='word_1_231' title='bbox 2058 3417 2237 3494; x_wconf 62' lang='lat' dir='ltr'><strong>beremae.</strong></span> 
     </span>
     <span class='ocr_line' id='line_1_24' title="bbox 670 3543 2239 3646; baseline 0.001 -25"><span class='ocrx_word' id='word_1_232' title='bbox 670 3545 810 3621; x_wconf 81' lang='lat' dir='ltr'><strong>Deinde</strong></span> <span class='ocrx_word' id='word_1_233' title='bbox 840 3543 1013 3619; x_wconf 69' lang='lat' dir='ltr'><strong>reuocans</strong></span> <span class='ocrx_word' id='word_1_234' title='bbox 1042 3543 1082 3618; x_wconf 80' lang='lat' dir='ltr'><strong>in</strong></span> <span class='ocrx_word' id='word_1_235' title='bbox 1113 3543 1251 3620; x_wconf 74' lang='lat' dir='ltr'><strong>eunium</strong></span> <span class='ocrx_word' id='word_1_236' title='bbox 1276 3543 1443 3646; x_wconf 59' lang='lat' dir='ltr'><strong>putridus</strong></span> <span class='ocrx_word' id='word_1_237' title='bbox 1473 3557 1617 3621; x_wconf 68' lang='lat' dir='ltr'><strong>senones</strong></span> <span class='ocrx_word' id='word_1_238' title='bbox 1654 3547 1854 3622; x_wconf 72' lang='lat' dir='ltr'><strong>consultum</strong></span> <span class='ocrx_word' id='word_1_239' title='bbox 1875 3547 2023 3646; x_wconf 85' lang='lat' dir='ltr'><strong>sactum</strong></span> <span class='ocrx_word' id='word_1_240' title='bbox 2061 3559 2121 3622; x_wconf 87' lang='lat' dir='ltr'><strong>est.</strong></span> <span class='ocrx_word' id='word_1_241' title='bbox 2180 3547 2239 3624; x_wconf 86' lang='lat' dir='ltr'><strong>Sic</strong></span> 
     </span>
     <span class='ocr_line' id='line_1_25' title="bbox 669 3671 2238 3774; baseline 0.002 -25"><span class='ocrx_word' id='word_1_242' title='bbox 669 3671 907 3762; x_wconf 83' lang='lat' dir='ltr'><strong>Veronensis,</strong></span> <span class='ocrx_word' id='word_1_243' title='bbox 943 3695 1026 3746; x_wconf 92' lang='lat' dir='ltr'><strong>cum</strong></span> <span class='ocrx_word' id='word_1_244' title='bbox 1051 3671 1089 3746; x_wconf 88' lang='lat' dir='ltr'><strong>in</strong></span> <span class='ocrx_word' id='word_1_245' title='bbox 1114 3673 1264 3772; x_wconf 90' lang='lat' dir='ltr'><strong>reliquis</strong></span> <span class='ocrx_word' id='word_1_246' title='bbox 1289 3699 1357 3774; x_wconf 86' lang='lat' dir='ltr'><strong>pro</strong></span> <span class='ocrx_word' id='word_1_247' title='bbox 1388 3672 1515 3748; x_wconf 72' lang='lat' dir='ltr'><strong>dnnde</strong></span> <span class='ocrx_word' id='word_1_248' title='bbox 1550 3673 1598 3748; x_wconf 91' lang='lat' dir='ltr'><strong>sit</strong></span> <span class='ocrx_word' id='word_1_249' title='bbox 1628 3674 1755 3765; x_wconf 87' lang='lat' dir='ltr'><strong>donec;</strong></span> <span class='ocrx_word' id='word_1_250' title='bbox 1789 3685 1828 3748; x_wconf 89' lang='lat' dir='ltr'><strong>at</strong></span> <span class='ocrx_word' id='word_1_251' title='bbox 1861 3674 2029 3750; x_wconf 84' lang='lat' dir='ltr'><strong>lacrimas</strong></span> <span class='ocrx_word' id='word_1_252' title='bbox 2060 3699 2238 3765; x_wconf 86' lang='lat' dir='ltr'><strong>manasse,</strong></span> 
     </span>
     <span class='ocr_line' id='line_1_26' title="bbox 671 3800 2237 3903; baseline 0.001 -28"><span class='ocrx_word' id='word_1_253' title='bbox 671 3802 788 3876; x_wconf 92' lang='lat' dir='ltr'><strong>donec</strong></span> <span class='ocrx_word' id='word_1_254' title='bbox 814 3811 960 3875; x_wconf 88' lang='lat' dir='ltr'><strong>senatus</strong></span> <span class='ocrx_word' id='word_1_255' title='bbox 987 3800 1196 3876; x_wconf 89' lang='lat' dir='ltr'><strong>consultum</strong></span> <span class='ocrx_word' id='word_1_256' title='bbox 1211 3801 1326 3892; x_wconf 87' lang='lat' dir='ltr'><strong>fieret,</strong></span> <span class='ocrx_word' id='word_1_257' title='bbox 1353 3800 1542 3901; x_wconf 89' lang='lat' dir='ltr'><strong>indignum</strong></span> <span class='ocrx_word' id='word_1_258' title='bbox 1568 3811 1624 3877; x_wconf 88' lang='lat' dir='ltr'><strong>est</strong></span> <span class='ocrx_word' id='word_1_259' title='bbox 1649 3801 1827 3902; x_wconf 81' lang='lat' dir='ltr'><strong>scriptore</strong></span> <span class='ocrx_word' id='word_1_260' title='bbox 1845 3802 1949 3901; x_wconf 84' lang='lat' dir='ltr'><strong>gravi</strong></span> <span class='ocrx_word' id='word_1_261' title='bbox 1965 3827 2085 3900; x_wconf 90' lang='lat' dir='ltr'><strong>neque</strong></span> <span class='ocrx_word' id='word_1_262' title='bbox 2099 3801 2237 3903; x_wconf 87' lang='lat' dir='ltr'><strong>inepto.</strong></span> 
     </span>
    </p>

    <p class='ocr_par' dir='ltr' id='par_1_7' title="bbox 669 3925 2237 4282">
     <span class='ocr_line' id='line_1_27' title="bbox 822 3925 2237 4028; baseline 0.002 -28"><span class='ocrx_word' id='word_1_263' title='bbox 822 3925 857 4000; x_wconf 95' lang='lat' dir='ltr'>V</span> <span class='ocrx_word' id='word_1_264' title='bbox 884 3930 919 4018; x_wconf 82' lang='lat'><strong>7,</strong></span> <span class='ocrx_word' id='word_1_265' title='bbox 939 3949 972 3998; x_wconf 80' lang='lat' dir='ltr'><strong>rs</strong></span> <span class='ocrx_word' id='word_1_266' title='bbox 997 3953 1035 4026; x_wconf 92' lang='lat' dir='ltr'><strong>p.</strong></span> <span class='ocrx_word' id='word_1_267' title='bbox 1056 3929 1116 4019; x_wconf 85' lang='lat'><strong>86,</strong></span> <span class='ocrx_word' id='word_1_268' title='bbox 1135 3947 1170 3998; x_wconf 86' lang='lat' dir='ltr'><strong>so</strong></span> <span class='ocrx_word' id='word_1_269' title='bbox 1202 3939 1277 4002; x_wconf 75' lang='lat' dir='ltr'><strong>nrm</strong></span> <span class='ocrx_word' id='word_1_270' title='bbox 1301 3925 1463 4028; x_wconf 74' lang='lat' dir='ltr'><strong>pubium</strong></span> <span class='ocrx_word' id='word_1_271' title='bbox 1493 3926 1591 4028; x_wconf 74' lang='lat' dir='ltr'><strong>equis</strong></span> <span class='ocrx_word' id='word_1_272' title='bbox 1621 3927 1695 4004; x_wconf 75' lang='lat' dir='ltr'><strong>sues</strong></span> <span class='ocrx_word' id='word_1_273' title='bbox 1719 3953 1854 4004; x_wconf 71' lang='lat' dir='ltr'><strong>ruerem</strong></span> <span class='ocrx_word' id='word_1_274' title='bbox 1884 3927 2014 4028; x_wconf 83' lang='lat' dir='ltr'><strong>equites</strong></span> <span class='ocrx_word' id='word_1_275' title='bbox 2040 3942 2237 4028; x_wconf 83' lang='lat' dir='ltr'><strong>coeperunt.</strong></span> 
     </span>
     <span class='ocr_line' id='line_1_28' title="bbox 670 4053 2237 4158; baseline 0.001 -28"><span class='ocrx_word' id='word_1_276' title='bbox 670 4055 768 4130; x_wconf 86' lang='lat' dir='ltr'><strong>Vera</strong></span> <span class='ocrx_word' id='word_1_277' title='bbox 792 4055 883 4130; x_wconf 87' lang='lat' dir='ltr'><strong>haec</strong></span> <span class='ocrx_word' id='word_1_278' title='bbox 908 4054 1090 4154; x_wconf 90' lang='lat' dir='ltr'><strong>scriptura</strong></span> <span class='ocrx_word' id='word_1_279' title='bbox 1114 4053 1152 4128; x_wconf 91' lang='lat' dir='ltr'><strong>in</strong></span> <span class='ocrx_word' id='word_1_280' title='bbox 1178 4055 1326 4155; x_wconf 89' lang='lat' dir='ltr'><strong>reliquis</strong></span> <span class='ocrx_word' id='word_1_281' title='bbox 1350 4055 1453 4132; x_wconf 89' lang='lat' dir='ltr'><strong>libris</strong></span> <span class='ocrx_word' id='word_1_282' title='bbox 1485 4057 1696 4147; x_wconf 79' lang='lat' dir='ltr'><strong>obscurata,</strong></span> <span class='ocrx_word' id='word_1_283' title='bbox 1729 4058 1868 4131; x_wconf 91' lang='lat' dir='ltr'><strong>dudum</strong></span> <span class='ocrx_word' id='word_1_284' title='bbox 1893 4053 1990 4132; x_wconf 77' lang='lat' dir='ltr'><strong>vero&#39;</strong></span> <span class='ocrx_word' id='word_1_285' title='bbox 2009 4081 2056 4132; x_wconf 85' lang='lat' dir='ltr'><strong>ex</strong></span> <span class='ocrx_word' id='word_1_286' title='bbox 2082 4057 2237 4158; x_wconf 88' lang='lat' dir='ltr'><strong>epitome</strong></span> 
     </span>
     <span class='ocr_line' id='line_1_29' title="bbox 669 4179 1508 4282; baseline 0.001 -26"><span class='ocrx_word' id='word_1_287' title='bbox 669 4191 886 4282; x_wconf 86' lang='lat' dir='ltr'><strong>recuperata</strong></span> <span class='ocrx_word' id='word_1_288' title='bbox 910 4181 947 4254; x_wconf 92' lang='lat' dir='ltr'><strong>in</strong></span> <span class='ocrx_word' id='word_1_289' title='bbox 972 4179 1177 4257; x_wconf 88' lang='lat' dir='ltr'><strong>Veronensi</strong></span> <span class='ocrx_word' id='word_1_290' title='bbox 1201 4183 1336 4258; x_wconf 87' lang='lat' dir='ltr'><strong>mansit</strong></span> <span class='ocrx_word' id='word_1_291' title='bbox 1361 4183 1508 4259; x_wconf 84' lang='lat' dir='ltr'><strong>intacta.</strong></span> 
     </span>
    </p>

    <p class='ocr_par' dir='ltr' id='par_1_8' title="bbox 669 4307 2238 4769">
     <span class='ocr_line' id='line_1_30' title="bbox 821 4307 2238 4412; baseline 0.001 -29"><span class='ocrx_word' id='word_1_292' title='bbox 821 4307 856 4383; x_wconf 99' lang='lat' dir='ltr'>V</span> <span class='ocrx_word' id='word_1_293' title='bbox 883 4312 954 4400; x_wconf 84' lang='lat' dir='ltr'><strong>8,s</strong></span> <span class='ocrx_word' id='word_1_294' title='bbox 980 4311 1152 4410; x_wconf 78' lang='lat' dir='ltr'><strong>p.87,19</strong></span> <span class='ocrx_word' id='word_1_295' title='bbox 1177 4307 1297 4384; x_wconf 81' lang='lat' dir='ltr'><strong>minus</strong></span> <span class='ocrx_word' id='word_1_296' title='bbox 1320 4308 1474 4386; x_wconf 80' lang='lat' dir='ltr'><strong>rnilitum</strong></span> <span class='ocrx_word' id='word_1_297' title='bbox 1492 4309 1618 4412; x_wconf 68' lang='lat' dir='ltr'><strong>periit,</strong></span> <span class='ocrx_word' id='word_1_298' title='bbox 1649 4308 1736 4410; x_wconf 84' lang='lat' dir='ltr'><strong>quic</strong></span> <span class='ocrx_word' id='word_1_299' title='bbox 1760 4322 1905 4410; x_wconf 82' lang='lat' dir='ltr'><strong>praeter</strong></span> <span class='ocrx_word' id='word_1_300' title='bbox 1931 4337 2057 4410; x_wconf 80' lang='lat' dir='ltr'><strong>aepros</strong></span> <span class='ocrx_word' id='word_1_301' title='bbox 2084 4309 2238 4386; x_wconf 71' lang='lat' dir='ltr'><strong>tenorum</strong></span> 
     </span>
     <span class='ocr_line' id='line_1_31' title="bbox 670 4434 2237 4538; baseline 0.001 -26"><span class='ocrx_word' id='word_1_302' title='bbox 670 4437 710 4512; x_wconf 77' lang='lat' dir='ltr'><strong>in</strong></span> <span class='ocrx_word' id='word_1_303' title='bbox 741 4437 888 4512; x_wconf 82' lang='lat' dir='ltr'><strong>modurn</strong></span> <span class='ocrx_word' id='word_1_304' title='bbox 923 4461 1044 4512; x_wconf 83' lang='lat' dir='ltr'><strong>omnes</strong></span> <span class='ocrx_word' id='word_1_305' title='bbox 1076 4434 1356 4536; x_wconf 79' lang='lat' dir='ltr'><strong>nepotiubantur.</strong></span> <span class='ocrx_word' id='word_1_306' title='bbox 1411 4436 1513 4529; x_wconf 86' lang='lat' dir='ltr'><strong>Quae</strong></span> <span class='ocrx_word' id='word_1_307' title='bbox 1545 4441 1658 4513; x_wconf 86' lang='lat' dir='ltr'><strong>verba</strong></span> <span class='ocrx_word' id='word_1_308' title='bbox 1690 4437 1856 4514; x_wconf 89' lang='lat' dir='ltr'><strong>inserunt</strong></span> <span class='ocrx_word' id='word_1_309' title='bbox 1887 4457 1974 4538; x_wconf 90' lang='lat' dir='ltr'><strong>post</strong></span> <span class='ocrx_word' id='word_1_310' title='bbox 2004 4463 2124 4514; x_wconf 82' lang='lat' dir='ltr'><strong>ornnes</strong></span> <span class='ocrx_word' id='word_1_311' title='bbox 2154 4439 2237 4514; x_wconf 90' lang='lat' dir='ltr'><strong>libri</strong></span> 
     </span>
     <span class='ocr_line' id='line_1_32' title="bbox 670 4562 2237 4665; baseline 0 -25"><span class='ocrx_word' id='word_1_312' title='bbox 670 4565 838 4665; x_wconf 82' lang='lat' dir='ltr'><strong>vulgares</strong></span> <span class='ocrx_word' id='word_1_313' title='bbox 859 4587 928 4662; x_wconf 90' lang='lat' dir='ltr'><strong>per</strong></span> <span class='ocrx_word' id='word_1_314' title='bbox 945 4587 1052 4662; x_wconf 81' lang='lat' dir='ltr'><strong>apros</strong></span> <span class='ocrx_word' id='word_1_315' title='bbox 1068 4562 1272 4664; x_wconf 72' lang='lat' dir='ltr'><strong>nst&#39;ncsque</strong></span> <span class='ocrx_word' id='word_1_316' title='bbox 1293 4564 1408 4656; x_wconf 87' lang='lat' dir='ltr'><strong>urbes,</strong></span> <span class='ocrx_word' id='word_1_317' title='bbox 1436 4566 1550 4641; x_wconf 84' lang='lat' dir='ltr'><strong>easb</strong></span> <span class='ocrx_word' id='word_1_318' title='bbox 1566 4564 1672 4641; x_wconf 86' lang='lat' dir='ltr'><strong>-Livio</strong></span> <span class='ocrx_word' id='word_1_319' title='bbox 1698 4565 1816 4640; x_wconf 86' lang='lat' dir='ltr'><strong>aliena</strong></span> <span class='ocrx_word' id='word_1_320' title='bbox 1841 4590 1920 4641; x_wconf 87' lang='lat' dir='ltr'><strong>esse</strong></span> <span class='ocrx_word' id='word_1_321' title='bbox 1945 4565 2166 4665; x_wconf 82' lang='lat' dir='ltr'><strong>intellegitur</strong></span> <span class='ocrx_word' id='word_1_322' title='bbox 2191 4591 2237 4642; x_wconf 84' lang='lat' dir='ltr'><strong>ex</strong></span> 
     </span>
     <span class='ocr_line' id='line_1_33' title="bbox 669 4691 881 4769; baseline -0.019 0"><span class='ocrx_word' id='word_1_323' title='bbox 669 4691 881 4769; x_wconf 89' lang='lat' dir='ltr'><strong>Veronensi.</strong></span> 
     </span>
    </p>

    <p class='ocr_par' dir='ltr' id='par_1_9' title="bbox 671 4816 2237 5045">
     <span class='ocr_line' id='line_1_34' title="bbox 821 4816 2237 4920; baseline 0.003 -28"><span class='ocrx_word' id='word_1_324' title='bbox 821 4817 856 4892; x_wconf 95' lang='lat' dir='ltr'><strong>V</strong></span> <span class='ocrx_word' id='word_1_325' title='bbox 884 4821 918 4909; x_wconf 92' lang='lat'><strong>8,</strong></span> <span class='ocrx_word' id='word_1_326' title='bbox 939 4839 967 4886; x_wconf 85' lang='lat' dir='ltr'><strong>u</strong></span> <span class='ocrx_word' id='word_1_327' title='bbox 998 4844 1035 4917; x_wconf 90' lang='lat' dir='ltr'><strong>p.</strong></span> <span class='ocrx_word' id='word_1_328' title='bbox 1056 4821 1116 4910; x_wconf 83' lang='lat'><strong>88,</strong></span> <span class='ocrx_word' id='word_1_329' title='bbox 1136 4839 1169 4890; x_wconf 82' lang='lat' dir='ltr'><strong>rs</strong></span> <span class='ocrx_word' id='word_1_330' title='bbox 1195 4843 1241 4895; x_wconf 88' lang='lat' dir='ltr'><strong>ne</strong></span> <span class='ocrx_word' id='word_1_331' title='bbox 1274 4843 1375 4920; x_wconf 86' lang='lat' dir='ltr'><strong>opem</strong></span> <span class='ocrx_word' id='word_1_332' title='bbox 1407 4817 1451 4894; x_wconf 82' lang='lat' dir='ltr'><strong>ab</strong></span> <span class='ocrx_word' id='word_1_333' title='bbox 1483 4816 1628 4896; x_wconf 80' lang='lat' dir='ltr'><strong>inimico</strong></span> <span class='ocrx_word' id='word_1_334' title='bbox 1661 4818 1837 4895; x_wconf 69' lang='lat' dir='ltr'><strong>induetur</strong></span> <span class='ocrx_word' id='word_1_335' title='bbox 1862 4819 1999 4920; x_wconf 66' lang='lat' dir='ltr'><strong>petrose·</strong></span> <span class='ocrx_word' id='word_1_336' title='bbox 2016 4821 2237 4897; x_wconf 87' lang='lat' dir='ltr'><strong>Veronensis</strong></span> 
     </span>
     <span class='ocr_line' id='line_1_35' title="bbox 671 4947 1394 5045; baseline -0.003 -23"><span class='ocrx_word' id='word_1_337' title='bbox 671 4949 805 5022; x_wconf 90' lang='lat' dir='ltr'><strong>omisso</strong></span> <span class='ocrx_word' id='word_1_338' title='bbox 832 4957 917 5021; x_wconf 82' lang='lat' dir='ltr'><strong>unte</strong></span> <span class='ocrx_word' id='word_1_339' title='bbox 944 4969 1044 5045; x_wconf 86' lang='lat' dir='ltr'><strong>operu</strong></span> <span class='ocrx_word' id='word_1_340' title='bbox 1070 4947 1249 5022; x_wconf 87' lang='lat' dir='ltr'><strong>vocabulo</strong></span> <span class='ocrx_word' id='word_1_341' title='bbox 1276 4969 1394 5045; x_wconf 82' lang='lat' dir='ltr'><strong>quarn.</strong></span> 
     </span>
    </p>

    <p class='ocr_par' dir='ltr' id='par_1_10' title="bbox 820 5072 2237 5176">
     <span class='ocr_line' id='line_1_36' title="bbox 820 5072 2237 5176; baseline 0.003 -28"><span class='ocrx_word' id='word_1_342' title='bbox 820 5072 855 5148; x_wconf 95' lang='lat' dir='ltr'>V</span> <span class='ocrx_word' id='word_1_343' title='bbox 882 5076 978 5165; x_wconf 73' lang='lat' dir='ltr'><strong>24,s</strong></span> <span class='ocrx_word' id='word_1_344' title='bbox 1006 5098 1043 5173; x_wconf 95' lang='lat' dir='ltr'><strong>p.</strong></span> <span class='ocrx_word' id='word_1_345' title='bbox 1063 5076 1122 5165; x_wconf 88' lang='grc'><strong>90,</strong></span> <span class='ocrx_word' id='word_1_346' title='bbox 1142 5083 1178 5144; x_wconf 84' lang='lat' dir='ltr'><strong>to</strong></span> <span class='ocrx_word' id='word_1_347' title='bbox 1204 5084 1356 5150; x_wconf 79' lang='lat' dir='ltr'><strong>actuum</strong></span> <span class='ocrx_word' id='word_1_348' title='bbox 1384 5084 1526 5173; x_wconf 86' lang='lat' dir='ltr'><strong>partem</strong></span> <span class='ocrx_word' id='word_1_349' title='bbox 1553 5073 1677 5176; x_wconf 69' lang='lat' dir='ltr'><strong>plebis,</strong></span> <span class='ocrx_word' id='word_1_350' title='bbox 1709 5085 1846 5175; x_wconf 86' lang='lat' dir='ltr'><strong>partem</strong></span> <span class='ocrx_word' id='word_1_351' title='bbox 1877 5087 2019 5152; x_wconf 73' lang='lat' dir='ltr'><strong>senones</strong></span> <span class='ocrx_word' id='word_1_352' title='bbox 2043 5074 2237 5152; x_wconf 76' lang='lat' dir='ltr'><strong>dubitando</strong></span> 
     </span>
    </p>
   </div>
   <div class='ocr_carea' id='block_1_3' title="bbox 0 0 2574 6518">
    <p class='ocr_par' dir='ltr' id='par_1_11' title="bbox 0 0 2574 6518">
     <span class='ocr_line' id='line_1_37' title="bbox 0 0 2574 6518; baseline 0 2"><span class='ocrx_word' id='word_1_353' title='bbox 0 0 2574 6518; x_wconf 95' lang='lat' dir='ltr'><strong> </strong></span> 
     </span>
    </p>
   </div>
  </div>
 </body>
</html>
