5138 6518
1850 550 1921 624 189

348 753 482 828 menda
499 753 643 828 duobus
661 749 732 828 illis
749 751 938 828 codicibus
960 751 1112 855 propria
1127 752 1200 830 boc
1217 776 1365 853 quoque
1382 751 1631 828 numeravisse
1647 751 1777 843 miror3
1805 775 1925 852 neque

349 880 446 956 enim
474 879 625 956 dubium
642 879 788 956 videtur
803 881 1080 958 tabernaculum
1105 880 1143 956 in
1168 881 1251 956 foro
1278 883 1323 956 ad
1341 891 1488 981 tempus
1504 880 1667 982 positum
1691 879 1780 954 ludo
1805 879 1923 954 multo

348 1007 465 1108 magis
490 1019 618 1108 aptum
651 1032 868 1108 essequam
899 1009 1090 1084 tabernam
1120 1019 1313 1108 angustam
1349 1020 1388 1085 et
1411 1009 1535 1084 forum
1565 1031 1694 1083 versus
1723 1018 1921 1108 patentem.

348 1133 517 1236 Denique
542 1134 778 1236 interpolatio
804 1135 911 1211 focile
937 1136 1078 1212 desumi
1102 1137 1228 1236 potuit
1252 1161 1299 1212 ex
1323 1135 1368 1212 iis
1395 1159 1490 1236 quae
1515 1143 1720 1235 sequuntur
1745 1160 1776 1210 c.
1795 1138 1856 1226 48,
1876 1155 1905 1208 ⁵.

498 1258 552 1336 III
577 1266 675 1354 44,6
700 1289 738 1363 p.
758 1265 818 1354 27,
846 1281 883 1336 ro
906 1261 1041 1362 rupini
1155 1287 1304 1338 manum
1328 1261 1432 1340 inicit
1460 1287 1563 1338 aeuo
1593 1287 1661 1338 aua
1694 1273 1819 1336 natam
1849 1286 1922 1336 ser·

348 1414 496 1488 namque
521 1389 718 1490 appellans:
744 1388 847 1488 aequi
866 1387 1006 1466 iubebat
1029 1401 1316 1490 cunctantemque
1340 1389 1379 1466 ci
1401 1389 1662 1466 abstracturam
1685 1387 1921 1479 Veronensis3
1970 1451 1978 1464 .

346 1541 495 1592 manum
526 1514 649 1591 iniectt
678 1541 816 1593 acuam
844 1541 948 1594 auom
977 1531 1103 1594 natam
1132 1531 1339 1619 sanamque
1369 1519 1554 1620 appellans
1582 1542 1656 1594 esee
1687 1513 1853 1616 aequique
1884 1541 1923 1592 ae

347 1643 497 1736 tradebat,
528 1655 748 1720 cunctantem
772 1643 811 1718 vi
832 1643 1091 1721 atanacuram
1116 1645 1266 1746 reliqui,
1300 1644 1364 1720 ubi
1388 1669 1491 1721 aeuo
1521 1671 1588 1720 aaa
1617 1643 1858 1720 restituerunt
1885 1655 1924 1720 et

349 1796 424 1848 aare
450 1773 674 1848 induxerunt
699 1771 870 1848 editores.
913 1770 1074 1850 Omnino
1099 1771 1163 1848 illa
1186 1772 1295 1850 lectio
1320 1781 1496 1874 praestat,
1522 1771 1593 1848 nisi
1618 1773 1720 1872 quod
1745 1795 1812 1870 que
1836 1782 1924 1872 post

350 1911 575 1974 cunctantem
600 1925 675 1974 non
700 1898 899 1999 probarim.
943 1897 986 1975 ln
1012 1925 1055 1976 eo
1083 1901 1182 2000 quod
1209 1900 1391 2000 sequiturz
1434 1897 1575 1998 Verqa'm'
1594 1897 1710 2000 patna
1735 1896 1923 1998 sponsique

349 2024 431 2100 Icili
447 2027 623 2126 populare
644 2051 773 2100 nornen
789 2025 992 2120 celebratur,
1019 2029 1110 2104 haec
1126 2026 1314 2104 Leidensis
1339 2026 1424 2104 libri
1448 2027 1677 2127 aliorumque
1700 2025 1808 2102 lectio
1835 2051 1922 2102 con·

348 2151 516 2229 firmatur
540 2177 585 2230 eo
613 2155 714 2253 quod
739 2153 777 2228 iu
803 2151 1005 2230 Veronensi
1029 2165 1087 2230 est
1111 2154 1339 2248 celebratum
1366 2180 1452 2231 nam
1476 2153 1607 2254 reliqui
1633 2151 1881 2230 celebrabatur.

500 2279 554 2355 Ill
573 2285 633 2374 50,
655 2290 688 2350 rt
710 2307 747 2381 p.
768 2283 828 2373 29,
845 2301 864 2358 9
890 2280 1019 2383 quippe
1036 2281 1081 2358 at
1097 2279 1184 2382 epeia
1200 2283 1323 2358 domm
1340 2283 1457 2358 locum
1472 2279 1640 2358 rediebat
1652 2305 1734 2357 erae.
1777 2279 1921 2379 Reliqui

347 2405 538 2500 autumo,
565 2409 665 2508 quod
691 2419 792 2484 reete
817 2411 1058 2485 emendarunt
1084 2407 1287 2486 Glareanus
1310 2409 1484 2486 Dukerus
1509 2408 1726 2509 Madvigius.

500 2533 554 2610 III
580 2540 640 2628 50,
664 2552 695 2605 rt
721 2561 757 2636 p.
778 2537 838 2628 29,
858 2555 892 2606 aa
922 2562 994 2612 non
1019 2535 1133 2636 defuit
1155 2538 1251 2637 quod
1272 2537 1539 2638 responderetur
1563 2534 1784 2612 Veronensis
1809 2535 1922 2635 idque

350 2689 419 2763 pro
444 2662 581 2738 tradita
597 2663 753 2738 lectione
779 2662 867 2764 quid
890 2665 948 2741 vel
974 2664 1038 2764 qui
1061 2665 1200 2740 dudum
1225 2675 1446 2741 revocarunt
1466 2663 1610 2742 Reizius
1628 2662 1799 2738 Hertziua
1816 2663 1921 2738 Mod·

349 2789 479 2890 vigius.
537 2789 710 2866 Similiter
739 2792 866 2867 eadem
902 2792 1038 2893 pagina
1067 2817 1103 2868 v.
1126 2801 1174 2866 tt.
1197 2811 1232 2864 ta
1265 2803 1303 2868 et
1332 2817 1489 2892 sequens
1523 2818 1559 2866 v.
1583 2806 1617 2861 1⁶
1648 2789 1920 2866 emendationes

350 2917 529 3017 quasdam
555 2917 665 2992 etiam
690 2941 757 3019 per
783 2943 822 2994 se
847 2931 967 2996 certas
992 2919 1220 2996 confirmant.

500 3041 554 3120 III
572 3048 633 3137 56,
654 3065 686 3114 te
712 3071 750 3146 p.
770 3047 831 3139 31,
851 3067 865 3118 r
893 3045 1039 3147 quodsi
1057 3045 1193 3124 tribuni
1205 3047 1323 3123 eodem
1331 3047 1479 3146 foedere
1498 3043 1666 3145 oblt'qotos
1682 3045 1921 3144 aesateoutur

350 3173 522 3248 tollendae
551 3171 812 3272 appellationis,
850 3171 892 3248 in
922 3197 1030 3274 quum
1061 3172 1283 3275 coneptioase
1311 3173 1442 3250 Xuiros
1473 3171 1657 3250 mntem
1685 3169 1771 3264 rint,
1803 3170 1856 3248 eit
1883 3195 1920 3248 aa

342 3323 541 3400 prouocare
571 3300 623 3375 ud
647 3301 833 3400 poputum.
886 3300 947 3378 Sic
976 3303 1067 3379 haec
1098 3301 1236 3403 scripta
1266 3301 1419 3378 suntin
1449 3299 1652 3378 Veronensi
1681 3299 1798 3376 eiecta
1827 3323 1919 3376 voce

350 3451 472 3520 cauta,
499 3451 611 3526 quam
636 3427 767 3528 reliqui
792 3428 876 3504 libri
893 3429 1094 3505 admittunt
1109 3440 1197 3531 post
1213 3427 1455 3530 appellunbnu
1472 3438 1601 3529 aperta
1624 3426 1917 3528 interpolatione.

349 3553 543 3630 Praeterea
569 3579 664 3655 quae
687 3565 961 3656 temptaverunt
983 3555 1054 3632 viri
1085 3556 1186 3633 docti
1213 3555 1255 3630 t'n
1278 3556 1374 3655 quod
1402 3581 1471 3657 pro
1503 3554 1544 3630 in
1568 3579 1677 3655 quam
1701 3553 1918 3654 Madvigius,

351 3693 390 3756 at
411 3707 480 3783 pro
507 3681 559 3757 ait
583 3679 791 3760 Gronovius
816 3683 1067 3785 probabiliter,
1092 3684 1137 3759 iis
1161 3682 1383 3760 Veronensis
1406 3683 1501 3760 liber
1524 3708 1600 3759 non
1626 3681 1859 3782 suffragatur.

500 3808 555 3884 111
582 3813 642 3902 61,
661 3831 695 3882 ¹2
720 3837 758 3911 p.
779 3813 839 3904 34,
865 3831 900 3884 ³5
936 3810 1016 3888 Iam
1043 3809 1219 3888 Horatiae
1247 3835 1306 3888 eoa
1332 3809 1498 3909 (milites)
1531 3807 1796 3886 mcurnone'bua
1812 3832 1918 3909 proe-

352 3933 474 4037 liisque
508 3934 639 4012 euna
672 3937 887 4038 mpemundo
920 3938 1168 4037 adsuefecerat
1198 3936 1271 4014 cibi
1292 3994 1301 4014 .
1323 3995 1332 4014 .
1352 3935 1491 4036 „ridere
1525 3935 1745 4014 Veronensis
1781 3936 1918 4014 omisso

349 4063 530 4139 vocabulo
554 4063 764 4163 euffimcsdo
788 4077 877 4167 post
903 4063 1169 4142 eacurnbntbrn
1199 4065 1308 4142 obvio
1340 4065 1378 4140 in
1403 4064 1554 4166 reliquis
1584 4063 1705 4154 libris,
1736 4063 1838 4164 quod
1863 4063 1919 4138 in·

349 4189 473 4290 tellegi
497 4215 608 4291 posse
632 4204 732 4270 recte
757 4193 906 4292 negavit
929 4192 1146 4294 Madvigius,
1173 4193 1294 4270 minus
1318 4191 1473 4270 feliciter
1497 4191 1686 4268 substituit
1713 4188 1918 4290 nubt'qendo.

350 4315 472 4392 Etiam
499 4315 630 4394 bodun
655 4319 727 4396 iam
753 4320 880 4398 codice
905 4319 1163 4412 confirmatum
1190 4345 1277 4395 nam
1303 4317 1439 4396 lmrbue
1463 4317 1748 4396 Nicomaobieni.

502 4443 557 4520 ΠΙ
583 4449 678 4539 62,a
704 4473 741 4550 p.
761 4450 822 4541 35,
841 4467 876 4520 ao
908 4448 1006 4548 quod
1033 4448 1085 4522 ad
1110 4471 1168 4524 me
1199 4445 1350 4540 adtinet,
1380 4445 1422 4521 id
1449 4443 1592 4524 aaut
1613 4442 1794 4546 antbeique
1818 4441 1919 4520 tatt-

352 4581 453 4646 turue
476 4595 568 4664 sum,
594 4575 692 4674 quod
715 4600 777 4651 voa
800 4572 893 4650 mitt
906 4573 1081 4674 secer-itm,
1105 4573 1242 4652 militae.
1289 4574 1350 4651 Sic
1370 4574 1505 4677 partim
1529 4572 1665 4649 lectum
1690 4581 1757 4664 est,
1783 4571 1919 4673 partim

352 4699 399 4774 ad
425 4698 547 4798 spatia
572 4701 782 4803 suppletum
807 4703 845 4778 in
863 4700 1066 4779 Veronensi
1091 4701 1331 4778 confirmante
1356 4701 1395 4777 in
1415 4701 1626 4776 universum
1650 4699 1920 4776 restitutionem

350 4823 460 4901 buius
483 4825 558 4905 loci
582 4829 851 4931 Madvigiauam
876 4830 1037 4929 (emend.
1063 4856 1100 4931 p.
1121 4831 1202 4928 84);
1227 4827 1320 4904 mati
1334 4827 1487 4928 teqcm'ttb
1502 4825 1701 4920 Leidensis,
1726 4824 1818 4902 milti
1839 4827 1919 4926 effe·

350 4961 470 5040 catria
499 4956 632 5050 Paris,
669 4955 798 5034 milita
828 4955 951 5057 qerttr'o
975 4955 1090 5049 Med,
1134 4983 1292 5058 quorum
1321 4955 1433 5032 trium
1463 4955 1643 5032 librorum
1677 4955 1919 5056 archetypum

351 5089 424 5168 boc
440 5089 591 5190 quidem
606 5086 690 5162 loeo
708 5096 880 5162 accurate
897 5084 1043 5162 ridetur
1058 5096 1333 5185 repraesentare
1350 5083 1551 5178 Leidensis,
1576 5109 1624 5160 ex
1640 5081 1743 5161 cuius
1762 5082 1919 5160 lectione
