5138 6518
1038 1133 1092 1230 Τ.
1120 1129 1277 1229 LIVII

922 1271 988 1350 AB
1013 1273 1146 1351 nunu
1173 1271 1391 1352 ouumm

1071 1415 1152 1477 nm.
1174 1415 1250 1477 xo1

1019 1533 1302 1611 unntoumr.

371 2149 485 2228 Nocte
510 2164 632 2228 temen
659 2152 867 2253 insequenti
892 2153 973 2254 ipso
991 2151 1233 2254 pervigilante
1257 2152 1296 2228 in
1313 2154 1444 2229 eodem
1468 2152 1551 2230 loco
1571 2150 1642 2228 ulis
1658 2149 1818 2228 excitato
1833 2148 1947 2226 turris
1968 2189 1997 2248 p.
2023 2171 2061 2228 1⁸.

372 2281 493 2382 primu
517 2279 599 2358 luce
613 2279 793 2360 miraculo
810 2281 981 2358 hostibus
1006 2281 1087 2358 fuit.
1132 2279 1249 2358 Simul
1266 2291 1303 2360 et
1329 2279 1457 2380 oppidi
1482 2279 1606 2371 turris,
1635 2304 1730 2380 quse
1746 2276 1948 2356 maximum

372 2408 692 2510 propugnaculum
716 2408 849 2501 fuerat,
876 2408 1039 2487 subrutis
1064 2406 1312 2486 fundamentis
1333 2407 1521 2486 dehiscere
1545 2407 1755 2508 ingentibus
1780 2404 1882 2482 rimis
1911 2415 1949 2482 et

372 2548 452 2612 tum
478 2583 1005 2614 ··················
1030 2563 1053 2614 o
1079 2583 1305 2612 ........
1331 2547 1412 2612 tum
1437 2534 1513 2636 igni
1545 2534 1683 2636 coepit,
1714 2533 1947 2633 incendiiqus

371 2663 481 2742 simul
506 2674 545 2738 et
568 2663 695 2740 ruinae
719 2675 822 2742 metu
846 2663 967 2740 territi
993 2662 1274 2742 Contrebienses
1300 2665 1347 2741 ds
1371 2689 1479 2740 muro
1510 2660 1645 2764 trepidi
1669 2662 1883 2762 refugerunt
1909 2672 1948 2736 et

372 2803 414 2870 ut
438 2789 549 2892 legati
574 2791 808 2868 mitterentur
831 2793 880 2869 ud
906 2792 1111 2870 dedendum
1142 2793 1286 2885 urbem,
1318 2791 1366 2868 ab
1397 2789 1567 2868 universo
1596 2788 1831 2866 multitudine
1861 2814 1948 2866 con-

372 2919 570 2996 clumetum
604 2929 670 2996 est
740 2917 879 2996 Eodem
909 2920 1048 3012 virtus,
1087 2945 1184 3021 quae
1213 2929 1475 3022 cppupncntcm
1503 2916 1729 3010 mutaverat,
1770 2917 1948 2996 victorem

373 3045 648 3148 placabiliorem
673 3047 771 3123 fecit.
816 3045 1018 3124 Obsidibus
1035 3047 1196 3149 acceptis
1220 3047 1400 3149 pecuniae
1416 3046 1598 3124 modicum
1621 3044 1745 3145 exegit
1768 3071 1948 3124 summum

372 3199 549 3275 armaque
579 3173 704 3252 omnis
732 3175 881 3252 edemit
934 3175 1167 3276 Transfugae
1196 3174 1333 3252 liberos
1364 3170 1549 3277 vivosllod
1580 3198 1620 3250 se
1657 3173 1791 3250 edduci
1828 3171 1946 3264 iussit,
1968 3228 1996 3288 p.
2023 3205 2064 3268 p·

371 3302 563 3403 fugitivos,
596 3327 756 3402 quorum
781 3302 899 3378 muior
923 3301 1122 3380 multitudo
1149 3314 1244 3394 emt,
1277 3301 1368 3404 ipsis
1398 3300 1594 3404 imperavit
1620 3312 1664 3377 ut
1687 3301 1945 3378 interficerent.

372 3428 561 3531 lugulatus
587 3430 633 3505 de
657 3455 766 3504 muro
791 3431 1014 3508 deiecerunt.

526 3554 619 3634 Oum
644 3581 779 3658 magno
803 3556 946 3634 iactura
969 3557 1128 3632 militum
1153 3567 1333 3658 quattuor
1358 3569 1398 3634 et
1427 3556 1671 3660 quodraginta
1696 3557 1824 3636 diebus
1851 3555 1947 3634 Gon·

373 3685 492 3762 trebie
517 3696 730 3786 expugnatu
753 3685 956 3784 relictoque
980 3684 1033 3762 ibi
1049 3683 1092 3760 L.
1110 3683 1248 3761 Insteio
1274 3733 1770 3760 .................
1794 3685 1875 3786 ipse
1900 3685 1947 3760 ud

373 3811 554 3890 Hiberum
588 3812 725 3888 flumen
762 3813 889 3915 copias
926 3811 1084 3890 reduxit
1147 3811 1204 3888 Ibi
1239 3813 1484 3892 hibernaculis
1519 3815 1719 3894 secundum
1757 3813 1946 3915 oppidum,

373 3941 476 4042 quod
501 3938 632 4017 (lustru
660 3939 766 4016 Aeliu
795 3951 967 4032 vocetur,
998 3939 1198 4016 aedificetis
1227 3940 1375 4041 ipsein
1405 3939 1535 4018 cestris
1566 3943 1754 4034 manebat,
1788 3941 1946 4028 interdiu

373 4079 595 4146 conventum
625 4067 808 4144 socierum
838 4066 1042 4145 civitatium
1071 4067 1110 4144 in
1142 4066 1281 4170 oppido
1312 4069 1454 4169 agebat
1506 4069 1622 4144 Arma
1652 4080 1694 4144 ut
1718 4069 1849 4145 fierent
1877 4095 1947 4170 pro

373 4194 489 4297 copiis
519 4193 697 4296 cuiusque
730 4195 859 4296 populi
889 4220 957 4296 per
985 4206 1105 4271 totum
1134 4195 1364 4296 provinciam
1394 4196 1575 4288 edixerst;
1608 4197 1741 4297 quibus
1771 4197 1947 4298 inspectis

373 4323 510 4402 referre
533 4333 661 4398 veteru
686 4349 790 4398 srmu
813 4321 947 4400 milites
972 4322 1090 4415 iussit,
1122 4345 1218 4423 quse
1243 4335 1309 4399 cut
1331 4322 1524 4400 itineribus
1550 4323 1687 4401 crebris
1713 4337 1780 4401 sut
1805 4350 1945 4426 oppup·

372 4447 576 4528 mutabo
608 4461 643 4528 et
666 4448 816 4550 procliui
854 4447 1126 4552 ebutile'cllfectu
1157 4460 1278 4544 ment,
1319 4475 1489 4552 novoque
1523 4449 1571 4528 tie
1609 4477 1677 4554 per
1714 4452 1945 4529 centuriones
1966 4500 1995 4560 p.
2018 4479 2059 4539 2·,

374 4577 513 4671 divisit3
550 4577 754 4677 equitatum
784 4603 931 4678 quoque
962 4577 1068 4656 novis
1099 4577 1277 4654 instruxit
1305 4578 1432 4671 urmis3
1468 4579 1761 4682 vestimentaque
1790 4607 1945 4683 pruepu·

373 4718 456 4782 rste
472 4717 558 4782 unte
582 4705 701 4782 divise
722 4717 763 4782 et
782 4705 1004 4807 stipendium
1027 4707 1165 4782 dutum.
1208 4705 1351 4783 Februs
1375 4731 1458 4784 cunr
1478 4731 1568 4784 curu
1588 4709 1814 4806 conquisitos
1838 4709 1945 4786 undi-

375 4859 447 4933 que
464 4833 659 4926 exciverat„
688 4834 822 4933 quibus
847 4833 886 4908 in
903 4832 1052 4911 officina
1067 4833 1216 4935 publico
1239 4833 1390 4910 inclusis
1415 4859 1506 4935 opto
1532 4833 1653 4912 divisit
1675 4835 1818 4913 rstione
1842 4836 1945 4928 inite,

375 4962 465 5062 quid
490 4962 529 5037 in
555 4961 717 5062 singulos
744 4961 822 5038 dies
847 4959 943 5038 effici
969 4973 1105 5063 posset
1156 4960 1288 5062 Ituque
1312 4963 1435 5038 omniu
1460 4963 1568 5040 simul
1594 4964 1836 5042 instrumente
1859 4963 1946 5039 belli

374 5091 616 5189 ponebantur3
643 5116 763 5190 neque
788 5088 943 5166 muteris
967 5088 1169 5168 artificibus
1193 5089 1421 5192 praeparatis
1441 5103 1527 5168 unte
1545 5093 1714 5170 omnibus
1731 5093 1840 5172 enixo
1859 5091 1945 5170 civi·
