5138 6518
671 535 743 610 180

931 761 1015 814 vero
1041 733 1158 812 lectio:

667 897 756 986 2,15
783 891 825 968 T.
844 891 1037 994 Verffl'nius
1063 889 1208 968 Rutilus

669 1025 727 1112 11,
747 1031 781 1091 ts
809 1020 992 1096 actionem
1015 1030 1094 1095 tam
1119 1019 1241 1121 gravis
1265 1018 1319 1096 rei

670 1151 728 1240 16,
748 1155 783 1218 u
811 1147 954 1223 dixerat

670 1280 727 1369 11,
747 1293 782 1350 37
808 1275 928 1350 virum
952 1274 1035 1376 ipso
1061 1273 1215 1377 imperio
1234 1273 1428 1352 vehemen-

715 1402 849 1479 tiorem

669 1533 730 1622 19,
748 1541 783 1602 ct
809 1529 946 1606 Fabius
1129 1607 1132 1614 ,

666 1660 759 1750 21‚1
790 1659 838 1733 ad
863 1681 1029 1734 rumores
1051 1656 1241 1733 homiuum
1268 1657 1315 1758 de
1335 1683 1427 1734 uuo·

715 1810 864 1886 quoque
894 1785 1031 1886 legum·
1047 1785 1167 1885 capite
1195 1785 1314 1862 editos
1337 1785 1426 1864 satis

715 1924 903 1991 correctae
927 1912 1140 1988 viderentur

665 2043 726 2132 21,
744 2058 780 2115 ct
806 2040 1043 2142 appellationi

666 2171 727 2260 21,
745 2178 781 2238 tc
808 2191 892 2244 cum
917 2194 992 2268 qua
1017 2168 1282 2244 contenderunt

664 2298 725 2388 22,
744 2315 779 2368 se
805 2320 873 2397 per
899 2294 1095 2370 coitionem

664 2426 761 2515 24,³
787 2425 836 2499 nd
859 2423 1012 2499 Eretum

664 2553 761 2643 30,9
787 2577 899 2651 quam
925 2575 1034 2651 quem

664 2681 725 2771 31,
744 2698 778 2752 ts
805 2689 844 2754 at
869 2703 909 2756 se
933 2701 1137 2779 provocare

663 2808 725 2898 43,
745 2826 779 2882 31
804 2803 987 2906 Esquilias
1012 2803 1169 2880 vidimus

626 2945 628 2950 '
664 2939 760 3027 50,s
787 2931 958 3010 (1110110
984 2930 1108 3009 Pacilo

664 3066 724 3154 55,
743 3080 778 3134 5³
804 3060 963 3137 nefanda

664 3191 725 3282 58,
746 3209 779 3260 ¹2
804 3187 987 3264 Nomento

663 3319 724 3408 66,
743 3333 778 3388 ss
805 3314 867 3416 Sp.
894 3314 1051 3391 Nautius
1075 3313 1221 3390 Rutilus

663 3447 724 3536 19,
742 3461 777 3517 st
803 3467 872 3518 nec
897 3467 1011 3542 opera

662 3573 778 3662 80,10
804 3569 1001 3670 quicquam

662 3701 758 3804 82,5
785 3723 874 3772 num

663 3827 724 3917 99,
743 3842 759 3899 t
783 3824 901 3925 legem
925 3849 1001 3899 uua
1024 3823 1149 3926 plures
1172 3821 1291 3900 tribus

1511 713 1519 736 ⁴
1547 744 1717 834 corrupto
1743 732 1844 810 lectio
1867 732 2073 836 reportato
2097 731 2170 812 Vn.-

1480 887 1522 964 T.
1541 886 1735 990 Verginius
1759 887 1916 966 Rutilius

1478 1015 1532 1091 rei
1558 1041 1627 1090 om.

1480 1142 1649 1221 dixerant

1478 1270 1598 1346 virum
1615 1271 1747 1372 inipso
1761 1271 1914 1374 imperio
1928 1272 2238 1351 vehementiorem

1478 1525 1614 1604 Fabius
1641 1525 1833 1620 Quinctius

1478 1781 1576 1858 edito
1598 1806 1668 1883 pro
1695 1781 1814 1858 editos

1477 2037 1722 2139 appellatione

1476 2189 1561 2242 cum
1587 2191 1661 2266 qua
1684 2164 1948 2241 contenderent

1476 2317 1543 2394 per
1569 2292 1778 2368 contionem

1476 2421 1524 2496 ud
1549 2420 1694 2496 fretum.
1723 2417 1780 2520 Gs.
1802 2423 1861 2512 19,
1880 2439 1915 2492 ro

1477 2572 1661 2648 quamque

1476 2674 1530 2750 ait
1554 2701 1594 2752 se
1617 2701 1821 2777 provocare

1475 2801 1658 2902 Esquilias
1684 2801 1831 2902 quidem

1476 2927 1516 3006 O.
1535 2929 1648 3007 Furio
1673 2929 1809 3006 Pacilio

1474 3054 1689 3152 nefandisV,
1715 3059 1891 3136 nefandas
1903 3055 1982 3152 M‘,
1996 3055 2233 3138 nefandumL

1474 3196 1662 3262 momento

1475 3311 1538 3414 Sp.
1555 3311 1714 3390 Naevius
1739 3312 1896 3391 Rutilius

1473 3466 1541 3518 nec
1567 3467 1718 3542 operam

1474 3567 1669 3669 quisquam

1473 3721 1572 3773 nuuc
1599 3793 1605 3806 ·

1472 3822 1589 3924 legem
1616 3849 1723 3898 unam
1750 3823 1874 3924 plures
1898 3823 2016 3900 tribus

660 4055 853 4132 Accedunt
891 4052 1075 4155 exempla,
1116 4053 1162 4128 de
1200 4051 1333 4153 quibus
1371 4051 1469 4128 infra
1507 4053 1664 4147 dicetur,
1716 4053 1778 4129 ubi
1820 4053 2035 4132 Veronensis
2071 4053 2230 4131 servavit

662 4181 953 4282 corruptelarum
995 4179 1186 4281 archetypi
1227 4179 1267 4254 in
1301 4177 1593 4257 Nicomachianis
1628 4179 1724 4256 male
1757 4181 2031 4258 emendaturum
2071 4183 2228 4259 formam

660 4308 894 4410 primitivam.
952 4306 1183 4409 Quamquam
1222 4305 1335 4409 igitur
1372 4307 1539 4383 lectionis
1576 4307 1650 4383 iem
1685 4319 1833 4408 praeter
1868 4306 2172 4386 mamentianos
2205 4337 2229 4386 a

661 4434 863 4513 Veronensi
894 4460 1042 4536 quoque
1081 4445 1239 4512 testatae
1277 4434 1477 4511 auctoritas
1510 4459 1585 4510 non
1617 4434 1748 4535 exiguo
1788 4447 1974 4513 momento
2008 4432 2122 4514 crevit
2159 4463 2228 4515 nec

660 4562 766 4640 focile
796 4565 1007 4640 recedemus
1036 4590 1059 4638 a
1088 4561 1238 4639 testium
1272 4561 1609 4662 antiquissimorum
1643 4587 1838 4656 consensu,
1874 4574 1997 4640 tamen
2028 4564 2226 4642 auctoritas

660 4690 723 4766 ills
761 4715 995 4792 nequequam
1028 4715 1074 4766 ea
1111 4700 1177 4782 cst,
1217 4715 1312 4790 quae
1346 4689 1576 4790 probabilem
1607 4689 1922 4768 ratiocinationem
1956 4704 2022 4768 aut
2055 4692 2228 4770 excludet

660 4829 725 4894 aut
761 4817 894 4894 vincat.
955 4816 1050 4893 Sunt
1087 4842 1175 4893 sane
1213 4816 1406 4919 quaedam,
1446 4816 1508 4894 ubi
1546 4827 1700 4918 propter
1728 4816 1975 4896 Veronensem
2008 4818 2143 4896 librum
2178 4823 2225 4896 ab

660 4945 794 5022 iudicio
835 4945 945 5022 etiam
983 4943 1207 5046 optimorum
1244 4943 1456 5022 criticorum
1493 4944 1751 5046 appellandum
1786 4971 1865 5024 esse
1903 4946 2135 5040 crediderim
2173 4947 2227 5024 ita

659 5073 817 5150 fortasse
850 5073 1042 5149 ferendum
1078 5071 1148 5150 erit
1180 5073 1280 5174 quod
1313 5071 1447 5174 legitur
1484 5073 1519 5166 3,
1544 5073 1605 5165 29,
1630 5076 1891 5174 r=p.19,1s
1917 5071 2120 5152 Laouvcicm
2154 5072 2224 5152 eci·
