5138 6518
685 543 758 617 194

681 756 805 820 tamen
831 741 1091 833 omittendum3
1118 767 1205 818 nam
1233 753 1273 818 ut
1300 767 1412 844 supra
1438 741 1531 818 dixit
1549 766 1661 843 penes
1694 767 1784 819 eam
1813 742 1986 843 reponere,
2018 741 2083 820 cub
2115 741 2255 822 de'cioae

683 871 772 948 eius
795 870 1035 970 mape'ctrotus,
1063 871 1115 944 ita
1140 870 1200 946 hio
1226 895 1374 970 quoque
1400 868 1498 946 aas.
1514 928 1523 944 .
1540 869 1626 946 aab
1650 883 1742 946 autu
1767 883 1873 973 utque
1889 869 2038 947 arbitrie
2054 871 2254 972 requiritur

682 1023 749 1074 nec
774 1009 874 1074 recte
899 998 1106 1098 procedunt
1130 1007 1295 1072 extrema
1320 999 1417 1072 nude
1443 997 1575 1099 posita.
1615 999 1769 1076 Accedit
1794 1000 1896 1100 quod
1920 999 2070 1074 tertium
2096 1023 2252 1090 comma,

681 1152 728 1202 ne
754 1126 818 1226 qui
841 1125 930 1225 legit
955 1125 1133 1216 offendat,
1165 1125 1219 1200 ita
1243 1125 1540 1201 constituendum
1567 1135 1662 1218 erat,
1698 1137 1740 1202 ut
1765 1127 1825 1227 egi
1849 1127 1910 1202 hic
1936 1128 1982 1201 de
2007 1153 2082 1201 uno
2107 1137 2253 1202 tantum

682 1253 827 1354 negotio
844 1253 931 1329 licet
946 1252 1114 1327 bifariam
1132 1277 1304 1353 expresso
1332 1254 1456 1329 statim
1482 1253 1762 1354 intellegeretur.
1799 1253 1894 1330 Nam
1911 1280 1978 1330 sua
1996 1254 2033 1329 vi
2060 1279 2104 1331 ac
2129 1266 2252 1356 potes·

682 1393 758 1457 tate
783 1381 840 1456 ius
866 1379 1098 1482 publicorum
1123 1379 1424 1482 privatorumque
1457 1381 1623 1456 locorum
1656 1381 1798 1458 censori
1828 1407 1903 1456 non
1937 1392 2035 1456 recte
2065 1381 2251 1474 tribuitur,

682 1511 746 1584 sed
776 1508 830 1583 ite
860 1507 893 1584 ei
923 1507 960 1582 in
991 1508 1059 1582 hos
1091 1507 1148 1583 ius
1174 1519 1246 1598 est,
1279 1519 1322 1583 ut
1346 1533 1420 1582 non
1446 1519 1572 1609 potest
1595 1533 1670 1586 non
1700 1533 1781 1585 esse
1805 1508 2037 1609 magistratui
2060 1509 2253 1609 vectigalia

679 1635 846 1712 locorum
871 1636 1101 1738 publicorum
1128 1634 1312 1711 ordinanti
1339 1647 1377 1710 et
1397 1647 1594 1737 propterea
1616 1636 1707 1712 fines
1733 1661 1882 1736 quoque
1907 1637 2048 1736 regenti
2073 1637 2251 1736 quodem-

681 1765 793 1839 modo
819 1763 915 1839 inter
940 1762 1126 1865 publicum
1153 1762 1421 1863 privatumque.

831 1889 885 1966 IV
911 1893 945 1982 9,
966 1911 998 1961 η
1024 1917 1060 1991 p.
1080 1894 1177 1983 47‚⁶
1207 1891 1294 1966 duce
1320 1887 1440 1990 Aequo
1467 1887 1593 1966 Gladio
1625 1891 1805 1968 editiones
1837 1901 1951 1983 recte,
1988 1889 2109 1966 ciuilio
2134 1889 2251 1966 Vero·

681 2019 813 2110 nensis,
841 2017 943 2092 ciuili
962 2015 1046 2094 libri
1069 2018 1249 2118 vulgares.
1288 2016 1360 2094 Hic
1377 2043 1525 2118 quoque
1550 2028 1705 2119 apparet
1726 2018 1765 2092 in
1791 2019 1854 2093 illo
1879 2019 2037 2120 proponi
2061 2017 2250 2118 antiquam

680 2145 939 2246 corruptelam,
966 2145 1004 2220 in
1030 2146 1088 2220 his
1114 2145 1340 2245 grammatici
1367 2145 1556 2222 cuiusdam
1573 2144 1755 2221 infelicem
1772 2146 2075 2222 emendationem.
2113 2145 2249 2222 Econ-

679 2273 794 2349 trario
820 2269 872 2349 IV
901 2277 958 2366 10,
981 2293 995 2346 t
1027 2300 1096 2374 pro
1124 2269 1252 2350 Cluilio
1283 2274 1371 2348 duce
1401 2271 1567 2349 inlibris
1597 2271 1809 2374 vulgaribus
1828 2285 1892 2358 ,est
1917 2271 2038 2348 auito
2071 2273 2177 2366 deoc,
2211 2272 2248 2348 iu

679 2399 884 2478 Veronensi
907 2401 1026 2477 visum
1052 2412 1212 2476 estesse
1238 2398 1341 2476 ciuili
1363 2401 1460 2476 duce.

830 2527 883 2605 IV
913 2533 970 2622 11,
992 2549 1006 2604 t
1033 2555 1069 2629 p.
1089 2531 1149 2620 49,
1169 2548 1202 2598 ss
1234 2527 1298 2628 qui
1400 2526 1600 2604 motiones
1708 2528 1923 2605 rentuaeredo
1953 2526 1995 2602 ia
2025 2527 2167 2604 colcaria

680 2655 886 2732 citaverunt.
938 2656 999 2732 Sic
1023 2654 1245 2731 Veronensis
1270 2656 1414 2731 omissis
1438 2655 1571 2748 verbis,
1607 2679 1702 2755 quae
1727 2665 1813 2730 ente
1837 2655 2050 2732 remanendo
2083 2655 2250 2732 inserunt

678 2783 763 2858 libri
787 2781 967 2884 vulgares,
994 2781 1112 2858 coloni
1134 2781 1317 2882 adscripta
1345 2808 1440 2882 quae
1465 2782 1533 2858 etsi
1559 2782 1685 2858 adhuc·
1704 2783 1742 2858 in
1768 2782 2013 2884 suspicionem
2038 2811 2113 2859 non
2139 2808 2247 2860 venc-

679 2921 777 3004 runt,
801 2911 876 2985 iam
901 2909 1078 2985 admoniti
1104 2912 1149 2987 ab
1176 2909 1428 3009 antiquissimo
1454 2909 1549 2986 libro
1576 2910 1725 2987 omnino
1751 2911 1932 2988 eiciemus.

831 3036 884 3113 IV
913 3041 1008 3130 12,9
1034 3064 1070 3139 p.
1091 3041 1151 3130 51,
1177 3057 1210 3106 te
1237 3035 1303 3137 qui
1325 3061 1406 3111 oum
1503 3039 1638 3112 nullum
1666 3049 1882 3114 momerium
1908 3063 2071 3114 annonae
2087 3037 2245 3137 sedicet.

680 3165 740 3242 Sic
765 3164 935 3242 editionis
960 3167 1156 3242 accedente
1185 3165 1258 3240 iam
1284 3164 1486 3242 Veronensi
1510 3164 1623 3257 libro;
1655 3177 1805 3241 utente
1834 3167 1973 3240 nullum
1998 3166 2140 3242 eddunt
2163 3165 2246 3242 libri

678 3291 856 3394 vulgares.

829 3418 883 3495 IV
903 3423 962 3511 12,
981 3441 1026 3512 10,
1052 3423 1224 3520 p.51,16
1253 3419 1354 3519 quod
1378 3443 1476 3496 nuuc
1505 3420 1639 3521 legitur
1658 3419 1820 3520 proteri
1847 3421 1997 3518 copeado
2020 3421 2247 3520 frementem

679 3561 713 3624 et
735 3547 895 3638 oeredm,
923 3546 1020 3647 quod
1042 3544 1128 3621 uait
1149 3559 1329 3622 accubuo
1362 3561 1557 3646 superesset
1588 3548 1658 3624 etsi
1688 3547 1927 3625 offensionem
1960 3549 2098 3624 nullam
2122 3547 2245 3638 babet,

678 3687 801 3750 tamen
826 3676 927 3775 quod
952 3686 1010 3750 est
1033 3672 1072 3748 in
1098 3674 1299 3750 Veronensi
1325 3685 1367 3748 ct
1390 3676 1555 3751 venderet
1577 3686 1687 3751 erunt
1712 3676 1869 3752 fortasse
1895 3675 1959 3775 qui
1982 3673 2037 3750 itu
2060 3684 2245 3767 tueantur,

679 3814 721 3878 ut
737 3801 923 3903 primitiva
947 3801 1056 3878 lectio
1082 3801 1194 3876 fuerit
1208 3813 1250 3875 ut
1273 3801 1471 3894 uenderent,
1499 3812 1674 3904 corrupte
1693 3801 1731 3876 in
1748 3800 1952 3878 Veronensi
1968 3803 2074 3894 libro,
2103 3803 2245 3879 coniec-

678 3942 764 4006 tura
780 3931 973 4006 emendata
987 3929 1026 4003 in
1043 3927 1348 4004 Nicomachienis.
1391 3927 1485 4004 Nam
1504 3953 1728 4030 quemquem
1744 3929 1910 4005 homines
1926 3929 2073 4030 publice
2089 3930 2244 4030 cogendi

677 4069 783 4134 erant
808 4079 882 4132 non
908 4067 1052 4130 tantum
1074 4057 1122 4130 ad
1147 4054 1423 4156 professionem,
1451 4057 1515 4132 sed
1532 4055 1650 4132 multo
1666 4056 1783 4158 magis
1808 4058 1856 4134 ad
1872 4057 2133 4150 venditionem,
2158 4082 2245 4134 ceu·

677 4185 832 4262 sativam
856 4183 1074 4284 particulam
1104 4199 1203 4258 recte
1233 4183 1288 4258 ita
1312 4183 1549 4285 accipiemus,
1585 4195 1627 4260 ut
1659 4185 1727 4260 sub
1757 4183 1830 4260 hoc
1861 4187 1973 4260 modo
1998 4185 2246 4286 professiones

676 4312 756 4388 fieri
780 4311 1003 4387 iuberentur.

828 4435 881 4512 IV
909 4433 1000 4530 13‚l
1027 4463 1063 4538 p.
1085 4440 1144 4528 bl,
1164 4455 1198 4508 se
1225 4435 1326 4512 daed
1355 4435 1500 4512 dedeina
1530 4439 1754 4514 coneelutum
1781 4437 1882 4539 plebe
1906 4437 1943 4516 ei
1954 4440 2088 4538 favore
2113 4463 2158 4514 uc
2182 4463 2245 4541 spe

676 4565 767 4667 (sepe
795 4562 945 4662 Veron.)
975 4565 1210 4664 despondente
1240 4563 1316 4665 e'pee
1337 4622 1345 4638 .
1366 4619 1400 4638 ..
1422 4565 1473 4640 cd
1502 4564 1634 4641 ultera
1663 4579 1699 4641 et
1726 4589 1800 4640 aon
1831 4591 1999 4642 concessu
2030 4566 2170 4642 tendere
2200 4579 2243 4659 et,

676 4691 847 4796 quonium
871 4693 1077 4767 caecare
1093 4715 1231 4793 quoque
1246 4690 1448 4794 erepteodua
1464 4691 1583 4768 modu
1604 4691 1766 4794 patetne
1782 4703 1879 4783 creet,
1907 4691 1950 4769 de
1966 4717 2076 4793 repno
2093 4693 2241 4792 cydare.

676 4821 737 4898 Sic
761 4821 917 4896 fortasse
941 4819 1055 4894 verbe
1078 4819 1170 4896 baec
1196 4820 1389 4896 scribenda
1414 4830 1500 4896 sunt
1526 4821 1580 4896 ita
1604 4817 1752 4912 tradita,
1783 4832 1826 4895 ut
1849 4846 1919 4921 pro
1939 4819 2043 4922 plebe
2068 4819 2104 4897 ei
2126 4821 2242 4897 Vero·

675 4948 797 5024 nensis
822 4948 886 5022 det
908 4944 1054 5047 plebeio,
1079 4945 1268 5023 Leidensis
1286 4945 1328 5040 ei,
1356 4947 1529 5022 omittant
1553 4972 1596 5022 eu
1613 4947 1798 5024 Mediceus
1814 4944 2084 5050 Parisinusque,
2111 4947 2243 5024 deinde

676 5075 908 5175 despondente
944 5074 993 5149 sit
1024 5073 1061 5148 in
1096 5074 1315 5167 Veronensi,
1352 5074 1623 5176 despondenten
1654 5073 1692 5150 in
1725 5075 1886 5176 reliquis.
1946 5075 2040 5152 Nem
2072 5075 2144 5152 boc
2179 5076 2242 5176 qui
