5138 6518
303 2968 411 3020 Codices
429 2969 629 3022 Nicomachiani.

274 3988 365 4040 Codex
383 3991 537 4041 Veronensis
555 3992 654 4056 generis

413 4083 515 4132 diversi.

677 541 748 614 176

672 741 866 818 Liuianum
891 765 1082 842 superesse
1107 739 1179 816 hoc
1204 740 1352 817 nomine
1372 739 1575 817 Veronensi
1600 765 1728 842 parem
1751 753 1899 844 praeter
1923 767 2060 844 paucas
2086 743 2247 844 pagellas

673 897 720 947 ex
745 871 839 946 libro
856 867 941 945 xcl
966 868 1180 970 superstites
1207 869 1307 944 etin
1333 868 1413 946 aliis
1439 867 1608 944 omnibus
1634 880 1672 944 et
1696 869 1734 944 in
1760 870 2025 971 orthographia
2049 871 2107 947 vel
2137 897 2245 974 pares

673 997 876 1074 Veronensi
893 996 952 1072 vel
970 996 1175 1098 superiores
1181 1025 1191 1088 3
1218 1022 1305 1071 nom
1321 1007 1398 1071 tam
1415 995 1453 1070 in
1470 993 1748 1072 Vindobonensi
1766 1023 1877 1098 quam
1897 997 1937 1072 in
1953 997 2119 1074 Puteano
2145 1000 2244 1092 talia,

673 1125 796 1225 qualia
821 1135 907 1200 sunt
931 1122 1048 1217 mileo,
1075 1123 1273 1224 replicatio,
1301 1126 1566 1224 septenarum,
1593 1121 1728 1218 eumad,
1756 1123 1909 1219 adhorti,
1927 1123 2133 1218 Annona,
2147 1126 2245 1228 spy-

670 1251 791 1343 de'cus,
827 1251 1001 1328 sescentis
1034 1251 1125 1328 locis
1163 1252 1378 1350 offendesl).
1433 1250 1669 1352 Quapropter
1693 1251 1793 1328 haud
1819 1253 1895 1330 scio
1922 1279 1968 1328 an
2004 1253 2068 1353 qni
2099 1253 2245 1330 Livium

672 1381 844 1480 deinceps
871 1389 1148 1480 recognoscent,
1176 1381 1207 1454 si
1234 1380 1439 1480 quierunt,
1468 1381 1531 1478 qui
1549 1406 1669 1482 neque
1686 1379 1865 1456 eiusmodi
1890 1380 2063 1458 minutiae
2088 1383 2246 1483 superbe

671 1519 908 1585 contemnant
925 1533 1044 1608 neque
1070 1505 1335 1606 orthographia
1360 1507 1495 1584 saeculi
1520 1507 1664 1584 Livium
1690 1509 1871 1584 adornare
1897 1508 2064 1610 cupiant,
2097 1509 2135 1584 in
2160 1510 2242 1585 tali·

671 1638 740 1712 bus
768 1635 987 1712 Veronensis
1003 1635 1096 1712 libri
1122 1633 1378 1711 auctoritatem
1403 1636 1461 1710 vel
1485 1635 1645 1712 maxime
1676 1636 1836 1712 secuturi
1867 1635 1951 1712 sint.
2005 1636 2078 1714 Sed
2098 1639 2156 1714 'de
2185 1637 2242 1715 his

671 1763 819 1838 videant
863 1789 1020 1863 quorum
1058 1763 1227 1853 interest3
1274 1761 1381 1838 nobis
1416 1763 1551 1840 codicis
1587 1763 1744 1840 sufficiet
1779 1763 1963 1841 scribendi
1997 1765 2243 1866 proprietates

669 1890 895 1992 exposuisse.
949 1889 1048 1983 Quas
1082 1889 1146 1990 qui
1172 1889 1403 1990 expenderit,
1435 1917 1511 1966 non
1542 1891 1691 1992 negabit
1715 1891 1848 1992 opinor
1874 1888 1969 1968 Livii
1994 1892 2244 1969 Veronensem

672 2019 806 2094 librum
835 2019 873 2094 in
905 2018 1084 2094 eiusmodi
1121 2017 1395 2117 quaestionibus
1434 2017 1572 2120 aliquid
1607 2019 1783 2094 momenti
1812 2020 1962 2112 habere,
1997 2019 2133 2122 quippe
2167 2019 2241 2120 qui,

669 2173 753 2224 cum
783 2157 936 2248 propter
962 2173 1074 2246 supra
1099 2148 1229 2246 p.158
1257 2147 1450 2222 observata
1474 2157 1560 2222 ante
1578 2157 1750 2246 quartum
1768 2147 1955 2222 saeculum
1978 2147 2136 2250 scriptus
2162 2173 2242 2226 esse

669 2285 838 2374 nequeat,
870 2285 1024 2376 propter
1049 2273 1351 2374 orthographiam
1374 2273 1483 2374 plane
1506 2272 1676 2349 Latinam
1706 2283 1747 2351 ‘et
1771 2273 1808 2348 in
1834 2274 1959 2350 multis
1984 2275 2128 2376 priseae
2153 2302 2240 2352 con·

667 2402 872 2479 suetudinis
896 2401 1051 2502 vestigia
1080 2401 1298 2477 retinentem
1322 2401 1387 2476 vix
1411 2412 1510 2478 recte
1535 2400 1632 2477 inho
1655 2402 1694 2478 id
1719 2402 1842 2502 ipsum
1867 2403 2092 2479 detrudetur.

823 2529 895 2605 Sed
920 2555 966 2606 ne
991 2530 1181 2604 videamur
1205 2529 1243 2603 in
1269 2528 1364 2604 Livii
1390 2529 1580 2606 annalibus
1607 2530 1787 2605 elementa
1812 2539 1958 2605 tantum
1983 2541 2147 2632 captare,
2166 2531 2238 2608 iam

668 2658 895 2758 pergendum
934 2668 991 2733 est
1034 2659 1083 2732 ad
1114 2656 1250 2733 codicis
1282 2656 1320 2730 in
1357 2657 1592 2734 emendandis
1622 2657 1667 2733 iis
1701 2657 1897 2733 utilitatem
1929 2659 2170 2734 enarrandam
2203 2671 2240 2736 et

668 2785 766 2860 vitiis
791 2785 879 2861 item
906 2784 1098 2861 declaratis
1124 2783 1448 2860 determinandam.

818 2911 977 2988 Deccdis
1009 2912 1149 3013 primae
1179 2909 1273 2986 Livii
1308 2911 1518 3012 quicunque
1552 2911 1788 2988 innotuerant
1819 2912 1903 2988 libri
1934 2924 2019 2989 ante
2051 2927 2238 3015 repertum

668 3039 928 3133 Veronensem,
960 3065 1023 3116 eos
1055 3038 1233 3139 originem
1268 3040 1401 3115 ducere
1431 3049 1577 3116 constat
1607 3065 1653 3115 ex
1684 3040 1934 3140 recognitione
1959 3068 1982 3116 a
2006 3040 2237 3119 Nicomachis

665 3169 811 3244 duobus
828 3167 1004 3244 Flaviano
1033 3169 1125 3267 (cos.
1144 3195 1177 3242 a.
1195 3193 1232 3268 p.
1253 3164 1338 3243 (ihr.
1357 3169 1445 3258 394,
1472 3168 1645 3264 †eodem
1663 3169 1777 3267 anno)
1804 3179 1842 3244 et
1858 3167 2001 3244 Dextro
2020 3179 2057 3244 ct
2074 3197 2096 3244 u
2113 3170 2236 3248 nescio

667 3323 742 3397 quo
776 3295 989 3373 Victoriana
1022 3295 1190 3371 instituta
1225 3305 1381 3370 exeunte
1414 3295 1559 3371 saeculo
1581 3306 1750 3395 quarto,
1791 3295 1892 3397 ipsos
1932 3307 2054 3373 autem
2087 3297 2125 3372 in
2162 3299 2236 3374 duo

666 3424 940 3524 quodammodo
979 3447 1113 3522 genera
1153 3421 1356 3514 discedere,
1394 3422 1523 3498 melius
1564 3423 1720 3498 alterum
1760 3436 2075 3523 repraesentatum
2110 3426 2236 3502 codice

666 3549 912 3626 uormaoeno
944 3550 1017 3624 ram
1049 3550 1238 3650 deperdito
1265 3559 1303 3624 o
1325 3549 1543 3626 euntibus
1567 3527 1686 3626 'rouo
1710 3549 1874 3628 Morino
1900 3549 2150 3652 rarumque,
2182 3554 2235 3630 u-

665 3689 786 3754 terum
819 3677 856 3753 in
891 3677 1100 3752 universum
1132 3677 1218 3752 fidei
1248 3676 1417 3769 minoris,
1450 3678 1515 3754 sed
1546 3689 1589 3753 ut
1618 3677 1837 3776 quibusdam
1866 3679 1956 3756 locis
1987 3679 2070 3756 illos
2100 3681 2234 3774 vincat,

663 3817 980 3907 repraesentatum
994 3803 1166 3880 Leidensi
1182 3803 1302 3904 primo
1320 3815 1358 3880 et
1374 3804 1573 3880 Harleiano
1592 3816 1629 3880 et
1644 3804 1859 3881 Florentino
1877 3806 1915 3882 S.
1934 3806 2049 3883 Marci
2070 3807 2233 3909 aliisque.

666 3932 739 4010 Sed
765 3933 1012 4010 Veronensem
1044 3932 1178 4007 librum
1213 3931 1285 4008 iam
1318 3931 1511 4033 Zumptius
1544 3943 1643 4009 reete
1679 3931 1854 4009 iudicavit
1887 3961 1959 4011 nou
1994 3935 2154 4037 pendere
2187 3963 2234 4012 ex

666 4059 1035 4138 Nicomachianorum
1055 4060 1270 4160 archetypo,
1298 4085 1380 4136 cum
1414 4072 1451 4136 et
1469 4059 1773 4161 subscriptionem
1800 4085 1928 4136 eorum
1960 4087 2078 4163 neque
2099 4063 2234 4140 habeat

665 4214 784 4288 neque
802 4187 972 4262 habuerit
990 4212 1163 4289 umquam
1180 4197 1218 4264 et
1234 4186 1272 4262 in
1288 4187 1506 4264 lectionibus
1523 4199 1600 4262 tam
1613 4188 1708 4264 veris
1727 4215 1837 4288 quam
1854 4188 1955 4264 falsis
1974 4191 2019 4266 ab
2037 4190 2107 4266 illis
2124 4190 2233 4293 longe

663 4317 828 4408 recedat,
860 4315 1019 4391 maxime
1048 4313 1189 4389 nullum
1221 4314 1415 4415 vestigium
1451 4314 1585 4391 habeat
1617 4314 1949 4417 dittographiarum
1974 4343 2233 4418 eorumquae

664 4443 837 4546 propriae
869 4453 955 4518 sunt
986 4441 1354 4518 Nicomachiancrum
1382 4442 1561 4518 librorum
1596 4455 1633 4518 et
1662 4469 1748 4520 cum
1776 4443 1959 4544 proficisci
1989 4445 2181 4522 videantur
2210 4473 2233 4522 a

705 4729 708 4734 ·
822 4695 850 4775 ¹)
871 4698 906 4756 In
933 4697 1032 4756 verbis
1058 4697 1232 4756 dirimendis
1258 4695 1500 4760 vindobonensis
1527 4717 1710 4758 communem
1739 4697 1834 4775 legem
1861 4699 1944 4775 sequi
1972 4699 2100 4772 videtur,
2128 4719 2232 4778 quam·

663 4819 752 4880 qnam
773 4800 854 4860 edita
875 4799 1040 4876 scripturae
1061 4799 1225 4876 specimine
1245 4817 1305 4858 non
1327 4800 1402 4859 satis
1420 4807 1501 4859 certa
1514 4807 1689 4876 argumenta
1709 4798 1945 4859 subministrant.
1981 4801 2114 4860 Eandem
2135 4801 2230 4878 legem

663 4903 797 4964 obtinere
824 4901 854 4961 in
876 4899 1010 4960 Puteano
1037 4918 1076 4958 ex
1098 4895 1296 4960 Silvestriano
1324 4900 1485 4978 specimine
1505 4899 1548 4976 (r.
1568 4921 1598 4979 p.
1616 4897 1670 4959 161
1696 4918 1724 4958 n.
1748 4901 1781 4977 3)
1808 4899 1973 4979 colligitur,
2001 4911 2034 4960 ut
2054 4921 2091 4962 ne
2117 4903 2148 4961 in
2174 4904 2231 4962 hac

663 5005 781 5081 quidem
802 5023 835 5062 re
854 5021 914 5062 non
936 5001 1041 5062 errarit
1053 4999 1265 5062 Alschefskius
1284 5001 1466 5063 contendens
1481 5019 1548 5062 enm
1569 5001 1744 5061 divisionem
1766 4999 1851 5078 sequi
1871 5020 1931 5062 non
1953 5001 2157 5080 syllabariam,
2178 5003 2231 5064 sed

661 5106 859 5166 arbitrariam.
