5138 6518
672 537 743 612 192

668 750 728 814 tra
763 750 801 814 et
832 736 1072 838 probabiliter
1101 745 1303 814 statuemus
1340 733 1485 810 Livium
1525 735 1674 812 nomina
1713 747 1970 838 cooptatorum
2007 733 2244 816 tribunorum

669 865 917 966 adscripsisse,
944 890 1030 941 cum
1055 863 1165 964 primi
1189 863 1228 938 hi
1254 873 1377 939 essent
1402 863 1466 963 qui
1490 887 1559 964 per
1581 865 1855 965 cooptationem
1881 866 1926 940 ad
1955 890 2039 941 eum
2066 865 2245 942 honorem

668 993 931 1094 pervenissent,
960 1002 997 1066 et
1022 1017 1105 1068 cum
1127 991 1276 1066 nomina
1292 990 1496 1090 antiquitus
1513 990 1634 1066 labem
1650 1018 1761 1092 passa
1778 1001 1911 1084 essent,
1937 990 2245 1070 Nicomachianae

670 1121 817 1197 scholae
844 1119 1116 1194 emendatorem
1142 1118 1301 1218 primum
1326 1117 1380 1192 ita
1405 1119 1599 1219 deceptum
1626 1144 1717 1211 esse,
1745 1130 1787 1194 ut
1812 1119 1882 1194 sibi
1906 1119 2093 1196 videretur
2118 1119 2244 1197 Livius

669 1248 858 1349 scripsisse
883 1247 988 1322 talia:
1014 1243 1101 1320 uoci
1118 1257 1161 1320 tr.
1180 1246 1295 1345 pt...
1307 1243 1483 1346 patricios
1564 1258 1783 1346 coeptavere,
1806 1245 1937 1322 deinde
1954 1247 2127 1324 adhibitis
2152 1248 2244 1324 locis

670 1377 717 1452 de
743 1376 934 1452 consulum
961 1373 1115 1473 collegio
1134 1401 1166 1448 a.
1186 1375 1260 1448 300
1288 1383 1326 1448 et
1347 1374 1392 1448 de
1418 1372 1567 1449 tribuno
1585 1373 1703 1474 plebis
1720 1373 1914 1451 undecimo
1932 1374 2093 1451 Minucio
2120 1376 2242 1451 locum

667 1503 721 1578 ita
753 1503 1004 1592 constituisse,
1025 1500 1079 1576 'ut
1109 1501 1182 1575 iam
1213 1499 1357 1600 legitur.
1416 1499 1493 1576 Nec
1525 1500 1598 1574 hoc
1630 1501 1995 1602 praetermittendum
2026 1513 2241 1602 corruptum

669 1656 801 1706 nomen
835 1627 996 1704 Aeternie'
1025 1655 1094 1730 pro
1126 1625 1273 1703 Aternio
1305 1639 1382 1703 tam
1414 1628 1487 1703 hoc
1528 1627 1612 1704 loco
1645 1627 1832 1704 codicibus
1863 1627 2156 1706 Nicomachianis
2187 1630 2241 1704 in-

669 1758 787 1835 sidere
814 1781 925 1857 quam
951 1757 1066 1831 altero
1086 1758 1120 1848 3,
1140 1757 1201 1848 31,
1220 1773 1249 1848 e,
1277 1779 1361 1830 cum
1375 1779 1504 1830 verum
1520 1754 1663 1830 Aternii
1688 1756 1734 1830 ab
1759 1756 1842 1856 ipso
1859 1755 1964 1832 Livio
1982 1757 2145 1858 positum
2162 1781 2241 1834 esse

669 1896 815 1962 constet
831 1910 877 1958 ex
894 1882 1104 1958 testimonio
1123 1881 1333 1958 (lassiodori
1348 1881 1412 1980 (cf.
1430 1883 1520 1957 rdrn.
1537 1880 1683 1958 Forscb.
1702 1887 1735 1974 l,
1752 1883 1854 1980 107).
1881 1883 1984 1960 Haec
2003 1883 2102 1959 dicta
2118 1894 2239 1974 sunto,

669 2023 712 2088 ut
737 2012 802 2113 qui
827 2021 958 2112 postea
983 2011 1029 2085 de
1054 2008 1112 2085 his
1138 2020 1317 2109 quaerent
1332 2009 1426 2085 acris
1451 2009 1587 2108 ingenii
1613 2021 1651 2084 et
1666 2010 1857 2110 prudentis
1874 2009 2000 2084 iudicii
2016 2010 2097 2103 viri,
2122 2023 2241 2086 totam

671 2142 718 2216 de
743 2140 851 2215 huius
868 2137 1010 2238 generis
1025 2136 1367 2238 interpolationibus
1385 2136 1637 2236 quaestionem
1655 2136 1818 2212 omnium
1834 2135 2068 2214 Livianarum
2095 2149 2134 2213 et
2159 2164 2241 2239 gra·

670 2267 856 2344 vissimam
884 2266 993 2365 longe
1019 2278 1056 2340 et
1082 2264 1336 2340 difficillimam
1361 2265 1484 2358 denuo
1509 2263 1781 2364 diligentissime
1806 2275 2045 2365 pertractent.

823 2393 877 2468 III
905 2395 964 2486 65,
983 2403 1010 2462 t.
1025 2419 1062 2493 p.
1084 2393 1144 2483 39,
1164 2411 1197 2465 sr
1228 2402 1270 2464 ut
1298 2389 1362 2491 qui
1390 2389 1530 2490 plebem
1554 2389 1599 2465 R.
1628 2389 1789 2467 ottones
1817 2393 1871 2492 pl.
1897 2403 2055 2490 reparet,
2087 2391 2120 2468 as
2150 2393 2239 2470 adeo

669 2533 825 2622 reparet,
851 2521 936 2595 dum
961 2519 1003 2594 X
1024 2518 1182 2594 tribunos
1201 2519 1256 2619 pl.
1273 2519 1427 2617 faceret.
1479 2517 1523 2594 In
1553 2517 1656 2594 libris
1686 2530 1834 2619 praeter
1860 2519 2108 2596 Veronensem
2138 2523 2239 2620 quod

669 2651 804 2750 legitur
827 2673 939 2748 usque
963 2673 1003 2722 eo
1028 2674 1098 2747 pro
1126 2647 1227 2738 adeo,
1253 2646 1410 2721 fortasse
1435 2643 1697 2746 interpolatum
1724 2657 1791 2738 est,
1818 2672 1902 2723 cum
1919 2647 2008 2724 adeo
2034 2646 2105 2724 hac
2130 2647 2240 2748 signi-

670 2777 840 2855 ficatione
865 2786 1057 2876 praeterea
1082 2799 1157 2849 non
1181 2771 1388 2848 inveniatur
1412 2771 1483 2847 nisi
1507 2772 1547 2848 in
1572 2771 1724 2872 antiqua
1747 2772 1934 2849 locutione
1956 2773 2066 2850 ‘adeo
2086 2799 2164 2850 rem
2183 2801 2239 2852 re·

672 2901 805 2994 diisse’,
831 2901 1001 2977 videatur
1026 2912 1148 2976 autem
1174 2899 1274 2976 hisee
1299 2899 1421 2975 verbis
1447 2910 1577 3000 utpote
1593 2899 1796 3001 desumptis
1817 2925 1864 2976 ex
1882 2901 2134 3002 antiquissima
2159 2901 2239 3002 lege

671 3029 859 3106 obsoletae
886 3027 1158 3130 significationis
1183 3027 1403 3104 vocabulum
1428 3037 1529 3102 recte
1555 3027 1760 3102 convenire.

820 3155 875 3232 III
901 3161 961 3249 65,
980 3180 995 3230 5
1020 3183 1057 3258 p.
1076 3160 1137 3248 40,
1153 3169 1170 3226 6
1197 3153 1432 3230 cmuentbncs
1448 3151 1669 3230 Veronensis
1686 3179 1771 3230 cum
1788 3156 1889 3246 edd,
1916 3153 2095 3232 condones
2113 3157 2236 3234 ceteri.

820 3283 875 3360 ΠΙ
901 3289 998 3376 65,6
1023 3311 1060 3384 p.
1081 3287 1143 3376 40,
1162 3303 1196 3353 ra
1228 3281 1367 3358 urbano
1400 3305 1537 3382 quoque
1561 3279 1631 3356 ote
1648 3279 1749 3380 servs
1779 3281 1902 3358 omnio
1933 3281 2128 3383 tanquillu
2153 3309 2236 3360 esse.

668 3411 731 3489 Sic
756 3411 901 3489 codices
926 3412 1107 3511 vulgares.
1160 3408 1300 3487 Contra
1328 3407 1535 3508 Madvigius
1561 3409 1702 3484 emend.
1729 3435 1766 3509 p.
1787 3411 1853 3484 85:
1881 3408 2056 3486 ‘debebat
2081 3411 2153 3488 dici
2177 3437 2239 3486 uer·

675 3539 768 3615 bauo
798 3536 869 3613 otio
891 3536 993 3637 sores
1025 3560 1162 3638 quoque
1196 3560 1264 3611 nec
1289 3535 1364 3610 ulla
1389 3546 1446 3612 est
1470 3535 1602 3626 mutati
1628 3535 1766 3612 ordinis
1792 3536 2003 3614 excusatio'.
2055 3537 2238 3629 Similiter,

672 3690 804 3766 nempe
828 3665 966 3741 urbano
992 3664 1064 3742 otio
1078 3662 1189 3764 seras,
1214 3662 1308 3738 liber
1323 3661 1546 3740 Veronensis
1571 3663 1694 3754 habet,
1720 3662 1791 3739 nisi
1813 3664 1914 3764 quod
1930 3664 2148 3766 partiendam
2166 3693 2239 3742 nou

668 3793 860 3895 transponi
884 3794 997 3884 iubet,
1024 3794 1090 3868 sed
1115 3790 1239 3867 deleri.

819 3920 874 3996 III
906 3923 966 4011 66,
986 3940 1002 3990 a
1035 3946 1073 4021 p.
1091 3922 1154 4011 41,
1173 3939 1207 3990 12
1240 3915 1305 3993 sed
1330 3914 1538 3992 immebebut
1565 3928 1753 4018 utramque
1777 3915 1862 4008 iam,
1889 3944 1955 3996 nec
1979 3920 2077 3994 ultra
2100 3917 2235 3996 ducor-

670 4047 732 4124 diu
757 4045 887 4124 amum
911 4045 1062 4146 reprimi
1078 4055 1223 4147 poterat
1244 4043 1481 4134 Veronensis3
1507 4068 1581 4120 non
1606 4070 1676 4145 pro
1701 4069 1767 4120 nec
1791 4043 2086 4137 Nicomachiani3
2113 4057 2237 4124 utrum

669 4201 797 4252 verum
824 4175 894 4267 sit,
909 4174 1119 4250 videndum.

819 4302 874 4378 ΠΙ
906 4304 965 4392 67,
986 4323 998 4372 1
1032 4327 1070 4402 p.
1088 4301 1185 4392 sas
1213 4323 1294 4374 mem
1313 4299 1454 4401 pudore
1483 4321 1621 4374 summo
1650 4295 1691 4386 cie
1723 4311 1948 4400 conspectam
1976 4312 2129 4378 vebum
2148 4327 2236 4401 pro·

668 4427 761 4508 cessi
781 4428 1020 4520 Veronensis3
1046 4427 1086 4503 ia
1111 4424 1309 4504 condonare
1332 4437 1485 4503 aarum
1510 4425 1743 4503 recentiores.
1796 4426 1895 4502 Illud
1920 4427 2167 4528 praetulerim.

819 4555 875 4633 ΠΙ
901 4559 962 4648 67,
980 4575 996 4627 s
1022 4583 1060 4658 p.
1079 4557 1148 4647 42,
1160 4573 1195 4629 ar
1220 4553 1256 4631 si
1278 4552 1319 4629 ia
1342 4551 1438 4630 ccbt's
1453 4551 1675 4630 Veronensis
1697 4578 1781 4630 cum
1798 4555 1897 4645 edd,
1922 4551 1980 4630 sin
1996 4553 2094 4630 vabre
2112 4555 2234 4632 ceteri.

819 4683 874 4760 ΠΙ
908 4687 968 4776 67,
988 4697 1006 4754 6
1030 4709 1068 4784 p.
1087 4685 1149 4775 42,
1168 4703 1203 4754 50
1230 4679 1413 4758 dricordiu
1447 4679 1615 4756 ordinum
1644 4693 1680 4756 et
1708 4705 1880 4756 uenenum
1910 4679 2017 4758 leuius
2046 4680 2145 4757 urbes
2164 4707 2235 4782 pa·

669 4825 765 4888 num
790 4837 835 4888 uc
854 4809 970 4913 petie
996 4808 1191 4887 eertmninc
1214 4807 1436 4886 Veronensis
1466 4806 1643 4909 proponit
1673 4817 1716 4882 ut
1748 4807 1904 4886 coniecit
1927 4809 2134 4909 Madvigius
2165 4833 2234 4886 em.

668 4965 705 5041 p.
725 4943 790 5030 863
817 4965 903 5014 nam
928 4951 981 5015 eat
1003 4963 1073 5039 pro
1098 4949 1134 5013 et
1156 4935 1442 5014 Nicomachiani.
1480 4935 1532 5011 At
1547 4935 1584 5010 in
1611 4933 1655 5012 iis
1677 4959 1771 5034 quae
1788 4947 2003 5036 sequuntur,
2029 4934 2101 5014 nisi
2118 4937 2236 5012 erravi

669 5092 748 5168 ego,
775 5066 995 5144 Veronensis
1022 5089 1171 5166 quoque
1195 5065 1308 5140 habet
1332 5075 1375 5140 ut
1399 5060 1531 5164 reliqui
1554 5063 1722 5140 mutelm
1745 5060 1802 5138 illi
1824 5061 1975 5156 animos,
2001 5086 2076 5140 non
2101 5061 2184 5140 itta.
