5138 6518
1848 575 1920 648 215

346 768 577 847 Bursaonum
603 782 642 846 et
658 768 961 848 Cascantinorum
986 781 1026 846 et
1048 768 1397 848 Graccuritanorum
1421 772 1523 866 fines,
1551 774 1726 850 evastatis
1753 777 1922 852 omnibus

348 899 643 1002 proculcatisque
676 899 872 1000 segetibus,
910 899 958 974 ad
985 896 1212 999 Calagurrim
1237 897 1407 976 Nasicam
1439 901 1622 978 sociorum
1661 903 1789 978 urbem
1821 903 1923 979 venit

348 1037 671 1128 transgressusque
696 1051 840 1102 amnem
865 1026 1113 1128 propinquum
1141 1027 1222 1101 urbi
1246 1038 1360 1129 ponte
1384 1029 1483 1104 facto
1511 1039 1631 1105 castra
1655 1029 1791 1131 posuit.
1831 1029 1922 1104 Pos-

349 1166 430 1230 tero
457 1154 516 1231 die
540 1155 590 1229 M.
617 1154 775 1229 Marium
801 1164 1034 1254 quaestorem
1065 1155 1103 1229 in
1129 1155 1293 1231 Arvacos
1326 1165 1363 1230 et
1387 1153 1611 1233 Cerindones
1636 1156 1737 1232 misit
1762 1157 1808 1232 ad
1835 1183 1921 1233 con·

350 1283 563 1360 scribendos
594 1307 640 1358 ex
670 1281 715 1358 iis
747 1281 917 1382 gentibus
947 1281 1081 1358 milites
1106 1282 1402 1382 frumentumque
1426 1283 1512 1359 inde
1538 1281 1788 1376 Contrebiam,
1829 1309 1921 1384 quoe

350 1411 520 1488 Leucada
537 1406 781 1512 appellantur,
808 1410 1112 1510 conportandum,
1138 1421 1413 1512 praeterquam
1436 1412 1564 1487 urbem
1590 1412 1921 1512 opportunissimus
1941 1455 1971 1516 p.
1993 1432 2037 1495 ab.

350 1565 397 1616 ex
421 1538 627 1616 Beronibus
652 1535 830 1612 transitus
864 1547 954 1629 erat,
985 1535 1024 1611 in
1058 1562 1326 1638 quamcumque
1350 1538 1536 1638 regionem
1563 1540 1695 1616 ducere
1721 1539 1920 1616 exercitum

350 1667 555 1758 statuisset3
588 1676 627 1740 et
655 1662 695 1740 C.
727 1661 904 1740 Insteium
932 1664 1158 1766 praefectum
1190 1665 1353 1766 equitum
1387 1664 1579 1767 Segouiam
1605 1677 1643 1740 et
1674 1667 1711 1740 in
1745 1665 1919 1742 Vacaeio-

349 1825 433 1874 rum
458 1805 605 1896 gentem
630 1793 679 1868 ad
704 1791 871 1891 equitum
896 1789 1200 1888 conquisitionem
1225 1792 1335 1886 misit,
1361 1793 1501 1869 iussum
1518 1819 1601 1870 cum
1620 1792 1805 1892 equitibus
1824 1791 1920 1869 Con·

349 1925 488 2002 trebiae
514 1945 594 1998 sese
610 1917 791 2026 opperiri.
842 1917 1012 1994 Dimissis
1045 1917 1089 1993 iis
1121 1919 1199 2021 ipse
1230 1921 1417 2021 profectus
1453 1945 1520 2022 per
1549 1919 1759 1997 Vasconum
1792 1946 1920 2022 agrum

352 2055 464 2130 ducto
496 2047 659 2125 exercitu
687 2046 726 2122 in
757 2045 916 2122 confinio
933 2045 1120 2121 Beronum
1143 2046 1268 2149 posuit
1283 2059 1414 2124 castra.
1457 2046 1612 2124 Postero
1636 2047 1693 2122 die
1710 2073 1794 2123 cum
1820 2048 1921 2148 equi·

349 2180 449 2256 tibus
481 2200 717 2280 praegressus
749 2175 798 2250 ad
830 2173 965 2249 itinera
995 2171 1235 2274 exploranda,
1271 2173 1371 2251 iusso
1403 2175 1527 2276 pedite
1560 2176 1741 2275 quadrato
1777 2175 1921 2277 agmine

353 2307 473 2408 sequi,
513 2305 560 2378 ad
585 2302 756 2378 Vareiam
788 2301 1045 2376 validissimam
1071 2301 1230 2401 regionis
1258 2301 1335 2378 eius
1361 2304 1489 2377 urbem
1514 2302 1624 2378 venit.
1668 2302 1779 2379 Haud
1804 2303 1922 2405 inopi·

352 2435 523 2510 nantibus
549 2431 593 2507 iis
616 2429 735 2506 hostis
761 2430 968 2504 advenerat.
1018 2427 1189 2528 Undique
1215 2429 1399 2528 equitibus
1424 2441 1462 2505 et
1487 2455 1574 2506 suae
1598 2430 1716 2531 gentis
1743 2442 1779 2506 et
1797 2431 1921 2507 Autri-
