5138 6518
666 515 741 589 <160

667 739 699 794 o.
719 711 930 806 CLXXVII,
956 709 1046 788 folie
1072 734 1168 812 queo
1192 719 1281 788 anto
1294 708 1464 813 'primum
1483 719 1675 811 superstes
1704 710 1894 812 perierunt
1920 710 2037 790 CXIII
2062 739 2133 815 pro
2158 741 2246 816 por·

665 843 768 920 tione
791 841 1020 944 respondent
1037 837 1245 916 Hertzicnis
1270 836 1415 940 paginis
1440 860 1472 914 c.
1493 834 1654 931 CXXIX,
1681 847 1724 914 ut
1745 838 1909 916 codicem
1925 839 2105 942 incepisse
2130 868 2245 944 appe·

667 979 748 1048 rect
765 972 812 1046 eb
830 969 912 1070 ipso
930 966 1084 1044 exordio
1102 965 1291 1044 conabum
1301 963 1555 1042 livianorum.
1601 964 1803 1065 Quousque
1818 967 2037 1068 pervenerit,
2054 967 2248 1069 ignoretur

667 1121 788 1198 neque
818 1094 1019 1197 quiequam
1050 1093 1165 1194 cogit,
1204 1102 1248 1169 ut
1277 1093 1438 1170 eumad
1463 1091 1651 1170 denariam
1681 1093 1868 1171 meatum
1887 1093 2140 1176 'Livicnorum-
2156 1096 2248 1174 divi·

667 1225 809 1302 sionem
839 1220 1088 1324 perscriptum
1119 1219 1232 1298 fuisse
1257 1228 1480 1312 statuamus;
1513 1219 1673 1320 quodsi
1697 1220 1938 1321 pervenitad
1963 1222 2075 1302 finem
2100 1223 2248 1304 decadis

667 1352 820 1454 primae,
839 1349 1006 1427 constitit
1019 1347 1326 1450 'quaternionibus
1342 1371 1374 1423 c.
1393 1344 1490 1441 LIV,
1506 1346 1603 1426 foliis
1620 1373 1655 1424 c.
1667 1345 1941 1428 GOOOXXXII.
1953 1393 2005 1430 r·-
2017 1349 2248 1453 Subscriptio

668 1490 815 1556 servata
845 1488 903 1554 est
931 1503 969 1580 p.
991 1478 1063 1554 112
1096 1474 1217 1577 quinti
1240 1473 1326 1556 libri
1350 1474 1559 1568 coniuncta,
1583 1485 1627 1552 ut
1650 1475 1730 1554 lieri
1755 1475 1861 1570 solet,
1895 1489 1981 1554 oum
2010 1476 2250 1579 inscriptione

669 1606 867 1708 sequentis.
884 1649 937 1664 ·-
952 1603 1112 1704 Singulis
1137 1601 1281 1705 paginis
1298 1600 1528 1704 ,iuscripnrm
1558 1613 1615 1679 est
1629 1585 1755 1682 'versis
1779 1619 1917 1680 nomen
1939 1603 2113 1697 auctoris,
2138 1605 2250 1682 rectis

668 1733 754 1811 libri
783 1757 958 1809 numerus
992 1731 1042 1806 ad
1073 1730 1146 1806 hoc
1182 1728 1392 1831 exemplum
1421 1726 1766 1832 erumpnose),
1796 1740 1911 1833 prout
1938 1729 1978 1810 in
2008 1731 2248 1832 palimpsesto

669 1861 850 1938 Vaticano
875 1859 971 1935 libro
1000 1857 1136 1958 legitur
1166 1851 1464 1960 rtts·lrurssl¹s·xct
1501 1847 1741 1958 similiterque
1766 1857 1877 1934 etiam
1902 1857 1941 1934 in
1966 1858 2117 1960 reliquis
2145 1858 2248 1936 libris

668 1987 831 2066 Liuianis
856 1986 957 2088 peris
982 1986 1042 2062 vel
1068 1983 1238 2087 supparis
1265 1983 1407 2060 estatis.
1424 2027 1477 2042 -
1493 1981 1649 2060 chartas
1676 1985 1862 2063 dimensus
1883 1984 2117 2064 Detleisenus
2132 1988 2248 2062 adno-
2329 2019 2336 2036 ·

668 2116 764 2192 tevit
789 2115 883 2190 eltae
909 2139 989 2190 esse
1013 2111 1126 2188 hodie
1152 2111 1298 2188 centim.
1317 2112 1405 2214 ill,
1431 2110 1525 2188 letas
1550 2111 1663 2189 hodie
1687 2137 1767 2190 esee
1792 2111 1939 2190 centim.
1959 2116 2020 2207 21,
2045 2113 2158 2190 fuisse
2183 2112 2249 2188 ali·

671 2244 821 2346 quando
846 2240 993 2318 sentim.
1022 2215 1089 2333 25‘,
1123 2238 1202 2316 eius
1236 2263 1430 2315 mensurae
1464 2237 1687 2340 scripturam
1721 2263 1904 2341 occupare
1941 2239 1979 2316 in
2018 2240 2250 2318 altitudinem

671 2369 817 2448 centim.
845 2371 912 2462 26,
943 2368 982 2444 in
1020 2365 1253 2443 latitudinem
1290 2364 1436 2443 centim.
1469 2368 1586 2446 8÷8
1622 2365 1804 2468 (singulas
1835 2367 1932 2444 enim
1963 2368 2114 2445 chartae
2142 2368 2249 2446 binas

670 2497 824 2600 pegines
850 2495 1182 2599 comprehendunt)
1199 2493 1424 2594 marginibus
1441 2501 1479 2569 et
1495 2521 1608 2598 supre
1633 2507 1673 2573 et
1696 2492 1792 2570 infre
1818 2505 1856 2570 et
1881 2494 2067 2596 utrimque
2092 2505 2130 2573 et
2154 2495 2250 2573 inter

670 2625 777 2702 binas
803 2624 957 2726 peginas
982 2623 1056 2700 lete
1081 2621 1304 2724 patentibus.
1355 2619 1518 2722 Psginae
1542 2618 1705 2720 singulae
1721 2646 1896 2714 vmsuum
1913 2631 2001 2699 sunt
2023 2621 2250 2700 tricenorum

671 2752 1006 2844 breviusculorum,
1039 2773 1123 2826 cum
1152 2749 1290 2824 habere
1320 2772 1397 2825 non
1433 2746 1576 2824 soleant
1604 2747 1677 2824 nisi
1706 2747 1848 2826 litteras
1876 2775 1901 2824 a
1933 2748 2030 2828 senis
2061 2750 2164 2827 denis
2201 2752 2250 2828 ad

671 2880 836 2971 uicenam
864 2888 905 2954 ut
930 2885 1110 2979 apparent
1134 2874 1325 2952 librarium
1349 2874 1486 2950 librum
1515 2899 1650 2975 parare
1678 2874 1838 2952 voluisse
1862 2902 1939 2952 non
1970 2876 2090 2979 perito
2116 2877 2248 2971 solum,

672 3008 739 3085 sed
765 3006 881 3084 cuivis
903 3005 1047 3082 homini
1069 3004 1169 3080 lectu
1194 3003 1441 3082 commodum.
1492 3000 1735 3080 Inveniuntur
1758 3013 1883 3082 temen
1908 3029 1983 3093 non
2008 3031 2096 3081 raro
2121 3030 2250 3083 versus

673 3135 737 3236 qui
754 3159 948 3211 numerum
964 3133 1069 3208 illum
1085 3131 1270 3228 excedunt
1286 3155 1371 3208 cum
1392 3138 1546 3230 propter
1566 3129 1742 3230 marginis
1764 3130 2023 3231 aequalitatem
2043 3158 2120 3208 non
2142 3133 2251 3210 anxie

674 3264 908 3339 observatam
923 3271 1005 3336 tum
1021 3255 1227 3362 propterea
1238 3253 1340 3358 quod
1357 3267 1542 3334 extremae
1568 3251 1713 3336 litteres
1729 3257 1842 3334 modo
1861 3259 2121 3360 contignantur
2136 3260 2250 3337 modo

674 3388 956 3480 imminuuntur;
997 3413 1089 3488 quas
1125 3383 1417 3486 contignationes
1451 3384 1491 3461 in
1525 3383 1686 3461 editione
1722 3386 1985 3486 expressimus,
2024 3385 2251 3464 minutarum

674 3528 797 3594 eutem
822 3516 1029 3591 litterarum
1053 3511 1234 3610 rationem
1264 3538 1341 3620 non
1372 3510 1580 3588 habuimus.
1600 3557 1652 3570 -
1668 3510 1864 3589 Praeterea
1895 3512 1935 3588 in
1972 3515 2115 3590 duabus
2151 3526 2250 3592 certe

673 3643 817 3746 paginis
849 3645 899 3718 34
932 3653 971 3718 ot
997 3644 1046 3718 64
1077 3649 1278 3716 cernuntur
1302 3638 1362 3716 vel
1392 3639 1547 3715 extremi
1571 3664 1701 3716 versus
1739 3638 1871 3716 litteris
1910 3640 2086 3718 coartatis
2123 3642 2251 3744 scripti

675 3781 985 3871 excurrentasque
1000 3768 1060 3845 vel
1077 3769 1171 3844 adeo
1188 3791 1317 3843 versus
1335 3766 1486 3868 quidam
1501 3792 1616 3867 supra
1631 3764 1868 3843 tricenarium
1893 3793 2087 3845 numerum
2111 3767 2151 3844 in
2176 3769 2252 3846 ime

675 3897 840 3999 margine
873 3895 1005 3988 additi,
1037 3905 1080 3971 ut
1105 3903 1283 3996 appareat
1306 3894 1458 3971 librario
1485 3905 1628 3976 certum
1652 3893 1849 3974 terminum
1868 3895 2102 3997 propositum
2126 3895 2250 3988 fuisse,

676 4051 752 4127 quo
778 4025 811 4102 si
835 4049 924 4100 casu
943 4023 1068 4124 uliquo
1094 4048 1170 4098 non
1187 4020 1427 4124 pervenisset,
1454 4031 1560 4098 extra
1585 4021 1753 4098 ordinem
1779 4046 1875 4123 quae
1900 4024 2054 4100 deerunt
2078 4023 2250 4100 edIoeret.

676 4151 846 4246 Quocum
863 4151 1159 4253 componendum
1176 4159 1243 4242 est,
1271 4150 1372 4249 quod
1389 4147 1486 4225 inter
1510 4174 1549 4250 p.
1570 4151 1629 4225 14.
1651 4154 1711 4242 15,
1739 4175 1963 4252 quamquam
1988 4174 2055 4226 ees
2080 4175 2120 4228 se
2145 4174 2252 4228 exce·

675 4291 812 4382 perunt
837 4277 963 4356 codice
990 4277 1207 4354 etiamtum
1231 4276 1389 4377 integro,
1414 4286 1539 4352 tamen
1565 4275 1701 4354 excidit
1735 4285 1891 4369 tentum,
1926 4287 2106 4377 quantum
2139 4279 2252 4354 unam

675 4407 828 4484 huiusce
854 4405 991 4483 codIcis
1017 4403 1191 4508 peginam
1215 4413 1362 4505 aequat.
1414 4401 1556 4496 Quibus
1581 4402 1773 4514 perpensis
1798 4403 2015 4484 crediderim
2039 4403 2176 4482 librum
2200 4405 2253 4482 ite

676 4559 723 4612 ex
758 4534 962 4635 archetypo
1001 4555 1218 4636 expressum
1252 4553 1334 4608 esse
1366 4529 1425 4607 rel
1458 4529 1584 4634 potius
1617 4529 1774 4634 exprimi
1810 4530 1995 4624 debuisse,
2034 4542 2079 4609 ut
2116 4533 2253 4634 pagine

834 4758 863 4838 ¹)
884 4761 922 4822 In
942 4761 1010 4840 ipso
1030 4759 1101 4821 libri
1122 4775 1245 4820 numero
1266 4759 1377 4819 errarit
1396 4757 1536 4821 librarius
1558 4779 1588 4838 p.
1604 4758 1642 4820 83
1661 4757 1726 4836 (nbi
1747 4777 1878 4820 errorem
1898 4771 2004 4840 postea
2023 4761 2178 4838 correxit).
2201 4759 2250 4821 87.

680 4862 914 4925 luccensem
939 4861 978 4921 sd
1003 4861 1094 4920 hasce
1121 4859 1330 4940 Inscriptiones
1358 4879 1418 4922 non
1444 4861 1519 4923 satis
1547 4861 1662 4920 attendi
1688 4879 1742 4922 nee
1767 4859 1870 4921 dubito
1897 4861 1990 4924 multo
2022 4861 2125 4940 plures
2151 4879 2252 4925 cuum

677 4981 835 5044 superesse
856 4965 889 5024 ln
908 4962 1013 5026 codice
1033 4979 1123 5038 quam
1142 4961 1295 5024 edoceri.
