5138 6518
1841 548 1911 620 185

337 747 439 826 natio
467 748 624 841 deficiat,
651 747 734 825 illos
760 746 864 850 sequi
889 745 1004 826 tutius
1030 772 1109 824 esse
1135 772 1248 848 quam
1272 746 1405 822 librum
1432 771 1549 848 nuper
1574 746 1680 824 nobis
1705 746 1916 824 restitutum

336 903 411 952 non
437 885 581 952 tantum
606 887 758 978 propter
782 873 1012 952 fundamenti
1037 873 1344 973 aequabilitatem,
1371 875 1436 950 sed
1462 874 1572 950 etiam
1592 884 1745 977 propter
1768 876 1914 977 ingene·
1977 877 1984 888 '

336 1016 455 1080 ratam
480 1003 628 1080 illorum
652 1002 926 1104 praestantim

487 1128 732 1207 Nihilominus
767 1139 807 1206 ut
837 1129 943 1230 probi
973 1127 1111 1204 iudices
1136 1126 1200 1204 ubi
1224 1127 1303 1204 lieri
1336 1139 1460 1230 potest
1486 1130 1630 1206 duobus
1655 1131 1810 1206 testibus
1835 1157 1914 1208 rem
1945 1147 2101 1198 veronense
2118 1144 2183 1196 uass
2201 1146 2293 1212 qnae.

337 1281 445 1358 agere
470 1258 615 1334 malunt
640 1283 752 1358 quam
778 1283 851 1332 uno
877 1282 946 1334 nec
971 1279 1065 1346 eum,
1093 1255 1157 1357 qui
1173 1255 1325 1332 minoris
1341 1255 1427 1330 fidei
1453 1256 1511 1348 sit,
1537 1268 1735 1358 propterea
1760 1260 1806 1333 de
1831 1260 1913 1336 loro
1927 1237 1989 1288 ¹⁰⁰³
2008 1251 2095 1289 ’Μ
2114 1237 2183 1288 '⁰¹¹¹'
2201 1239 2317 1290 'mm‘

337 1384 490 1487 pellunt,
517 1385 570 1460 ita
586 1384 808 1460 Veronensis
836 1408 983 1484 quoque
1007 1383 1101 1458 liber
1118 1408 1193 1458 non
1210 1383 1337 1484 paucis
1358 1383 1449 1460 locis
1476 1357 1576 1460 solus
1601 1409 1729 1460 verum
1755 1387 1916 1462 servavit

338 1523 376 1588 et
403 1523 443 1588 ut
467 1512 635 1614 plurimis
658 1511 750 1590 locis
776 1510 911 1586 erroris
937 1522 975 1586 et
1000 1510 1294 1611 interpolationis
1315 1510 1544 1587 convincitur
1569 1537 1592 1584 a
1608 1509 1913 1604 Nicomachianis,

337 1639 418 1716 aliis
456 1667 584 1716 rursus
622 1637 787 1716 similiter
816 1638 886 1714 hos
917 1637 1085 1738 coarguit
1114 1648 1152 1714 et
1182 1637 1259 1713 eius
1291 1639 1439 1738 quidem
1473 1638 1782 1740 interpolationis,
1819 1667 1914 1740 quae

337 1792 421 1843 cum
453 1766 562 1868 longe
596 1767 708 1844 distet
746 1766 791 1840 ab
831 1765 964 1867 ineptis
999 1764 1219 1842 Veronensis
1253 1765 1393 1842 librarii
1423 1766 1655 1856 commentis,
1697 1791 1741 1842 eo
1771 1769 1913 1844 facilius

336 1893 441 1970 fallat
472 1905 510 1970 et
539 1893 656 1993 magis
684 1904 814 1970 noceat
838 1892 890 1991 (v.
918 1893 966 1967 ad
991 1890 1045 1968 111
1072 1893 1150 1991 65).
1202 1891 1304 1968 Haec
1339 1893 1510 1993 deinceps
1541 1894 1810 1986 enarravimus,
1844 1897 1912 1970 sci·

336 2021 424 2098 licet
447 2021 568 2098 missis
593 2021 655 2112 iis,
683 2045 778 2120 quae
802 2029 885 2096 tota
909 2021 1071 2121 pendent
1096 2044 1143 2094 ex
1168 2020 1389 2098 auctoritate
1412 2020 1652 2120 libroruml),
1679 2021 1799 2098 missis
1824 2023 1913 2099 item

337 2148 541 2224 minoribus
567 2173 641 2224 non
667 2148 721 2223 ita
745 2147 931 2249 paucist),
964 2147 1139 2239 maxime,
1172 2147 1236 2222 ubi
1264 2147 1374 2223 lectio
1404 2172 1472 2248 per
1502 2172 1542 2224 se
1573 2159 1674 2224 certa
1703 2160 1741 2225 et
1774 2149 1912 2224 dudum

338 2275 509 2352 restituta
534 2275 608 2350 iam
633 2274 787 2374 emergit
811 2300 860 2350 ex
885 2273 1103 2365 Veronensi,
1137 2297 1257 2374 neque
1282 2273 1431 2350 omnino
1457 2275 1529 2350 hoc
1556 2276 1712 2376 egimus,
1744 2287 1786 2352 ut
1813 2301 1913 2352 com·

336 2402 580 2504 plecteremur
606 2402 787 2502 quidquid
811 2427 860 2476 cx
885 2401 988 2476 fonte
1013 2401 1087 2476 iam
1112 2401 1297 2502 patefacto
1323 2401 1361 2477 in
1387 2402 1498 2478 crisin
1514 2400 1704 2478 Livianam
1730 2405 1912 2480 redunda-

337 2541 462 2608 turum
489 2530 548 2622 sit,
575 2553 644 2607 nec
660 2529 921 2631 potuissemus,
948 2529 1017 2604 etsi
1039 2528 1199 2604 maxime
1215 2529 1467 2606 voluissemus.
1508 2528 1636 2630 Neque
1654 2531 1750 2606 enim
1766 2530 1913 2610 Livium

338 2658 408 2734 edo
435 2682 554 2757 neque
580 2658 744 2734 editurus
770 2681 863 2749 sum,
896 2655 1032 2756 quippe
1057 2655 1116 2734 cui
1142 2657 1231 2733 satis
1255 2657 1303 2732 sit
1328 2657 1558 2758 aliquatenus
1580 2657 1749 2734 didicisse
1775 2683 1819 2734 eo
1846 2658 1912 2734 uti.

338 2787 390 2861 At
419 2784 492 2860 hoe
533 2811 556 2858 a
586 2809 669 2860 meo
702 2785 849 2885 incepto
891 2809 966 2859 non
999 2783 1174 2860 abhorret
1206 2807 1426 2886 componere
1464 2784 1617 2860 meliora
1656 2797 1695 2862 et
1730 2786 1911 2886 graviora,

338 2937 433 3013 quae
450 2911 598 3012 quidem
614 2911 823 3011 intellegam
847 2936 870 2986 a
893 2909 1021 2987 codice
1038 2908 1240 2987 Veronensi
1264 2913 1502 3012 suppeditari.
1541 2910 1772 2989 Pertractere
1789 2925 1913 2991 autem

337 3039 516 3116 eiusmodi
542 3038 793 3140 quaestionem
819 3048 858 3115 et
884 3049 1062 3137 quantum
1079 3049 1227 3114 nostrae
1252 3039 1365 3115 aetati
1386 3039 1513 3114 datum
1539 3051 1596 3116 est
1613 3040 1803 3117 absolvere
1829 3067 1913 3118 cum

339 3193 432 3242 unus
463 3167 575 3242 homo
606 3167 728 3267 possit
757 3191 805 3241 ex
845 3165 889 3242 iis
926 3165 990 3266 qui
1024 3164 1135 3241 hodie
1170 3177 1257 3242 sunt
1287 3166 1508 3268 Madvigius,
1545 3167 1617 3243 hoc
1647 3179 1835 3268 optamus,
1872 3181 1915 3244 ut

337 3293 449 3370 telam
474 3319 497 3370 a
522 3294 629 3371 nobis
654 3293 863 3370 incohatam
888 3303 927 3369 et
951 3302 1105 3384 retexat,
1133 3293 1196 3368 ubi
1222 3319 1315 3395 opus
1341 3306 1408 3386 est,
1435 3304 1473 3370 et
1498 3295 1659 3371 detexat.

489 3421 543 3498 ΠΙ
570 3425 640 3512 8,7
665 3447 702 3522 p.
723 3425 759 3514 3,
778 3441 813 3494 ⁵0
837 3419 922 3496 urii
952 3444 1088 3521 quoque
1112 3418 1251 3497 Rornae
1282 3420 1408 3520 alipene
1435 3419 1616 3522 praebitus
1646 3434 1761 3498 terror
1794 3422 1911 3522 mopsi

337 3574 378 3625 re
401 3547 518 3626 auditu
546 3573 654 3650 paam
679 3547 777 3650 quod
880 3571 1017 3648 purum
1042 3543 1171 3622 virium
1196 3561 1293 3624 esset.
1338 3547 1399 3626 Sic
1423 3548 1615 3650 Zumptius
1640 3549 1664 3624 l.
1684 3575 1715 3626 c.
1742 3577 1778 3652 p.
1799 3553 1846 3625 99
1874 3563 1911 3626 et

432 3757 460 3838 ¹)
493 3759 561 3835 Quo
583 3759 710 3837 pertinet
731 3759 805 3818 ordo
826 3759 983 3818 verborum
1009 3777 1069 3818 non
1095 3777 1164 3818 raro
1185 3759 1216 3818 in
1237 3757 1403 3820 Veronensi
1428 3759 1564 3820 diversus
1584 3781 1603 3820 a
1622 3760 1757 3838 reliquis,
1777 3771 1810 3822 ut
1831 3764 1860 3834 5.
1874 3781 1910 3822 ss.
2005 3831 2009 3840 .

340 3861 369 3934 7,
387 3879 424 3920 u.
451 3859 537 3933 9,1a.
568 3861 616 3932 11,
638 3876 673 3921 n.
702 3859 750 3932 16,
769 3877 805 3919 ts.
839 3859 889 3932 96,
908 3877 944 3919 rs.
971 3857 1022 3932 96,
1041 3875 1076 3919 te.
1112 3857 1162 3933 99,
1185 3878 1222 3919 tr.
1249 3861 1300 3933 33,
1319 3879 1354 3920 aa
1382 3859 1486 3932 49,sa
1506 3880 1541 3920 u.
1569 3861 1619 3934 43,
1634 3881 1669 3922 u.
1696 3860 1783 3935 59,9.
1810 3865 1860 3936 63,
1874 3881 1910 3922 ss.

337 3961 440 4034 060.
470 3960 520 4034 58,
535 3981 569 4022 a.
600 3962 650 4034 60,
668 3977 704 4021 ts.
732 3961 782 4032 61,
800 3980 836 4021 aa.
866 3961 916 4035 69,
936 3979 972 4022 ar.
995 3960 1048 4034 70,
1060 3978 1095 4019 ιτ.
1123 3961 1174 4032 80,
1192 3979 1227 4021 rt.
1250 3959 1301 4034 86,
1321 3979 1357 4020 aa.
1385 3963 1436 4034 98,
1455 3977 1490 4022 ra.
1517 3963 1567 4036 94,
1587 3981 1624 4022 ss.
1651 3963 1701 4037 97,
1720 3979 1756 4024 ts.
1785 3965 1854 4038 101,
1872 3984 1910 4026 aa.

340 4063 410 4135 115,
429 4079 452 4122 r.
483 4063 551 4134 117,
570 4079 607 4122 ss.
632 4062 701 4134 118,
715 4080 751 4122 aa.
777 4063 902 4138 119,u;
928 4079 998 4123 nam
1025 4063 1209 4142 argumentis
1234 4079 1304 4122 raro
1335 4061 1409 4122 talia
1429 4062 1619 4138 diiudicabit,
1641 4073 1675 4122 ut
1697 4063 1747 4139 80,
1761 4084 1787 4124 tt
1807 4075 1911 4144 aperte

337 4175 443 4242 peccet
463 4162 655 4237 Veronensis,
677 4171 783 4226 contra
804 4164 833 4236 9,
848 4182 874 4223 rs
899 4164 967 4224 ideo
989 4163 1157 4242 sequendus
1185 4165 1257 4235 erit,
1285 4163 1366 4240 quod
1392 4163 1608 4226 vormatiensis
1635 4175 1665 4226 et
1689 4166 1911 4244 quodammodo

337 4265 427 4326 etiam
448 4263 606 4325 Parisinus
628 4285 694 4324 cum
719 4283 755 4323 eo
777 4273 866 4324 etant.
908 4263 991 4325 Idem
1011 4264 1091 4324 cadit
1111 4265 1142 4323 in
1163 4263 1284 4336 similia,
1311 4274 1345 4324 ut
1368 4265 1400 4325 in
1428 4267 1675 4344 permutationem
1696 4267 1909 4345 particularum

339 4376 375 4438 et,
402 4385 451 4438 oc,
477 4384 532 4442 due
552 4386 579 4425 e.
600 4385 626 4425 c.
653 4367 703 4438 41,
727 4382 761 4424 st.
790 4365 839 4439 44,
862 4385 903 4438 ιο,
935 4365 1048 4425 formas
1074 4366 1178 4425 tertiae
1202 4365 1328 4442 pluralis
1354 4366 1477 4444 perlecti
1503 4385 1552 4426 -re
1577 4374 1608 4427 et
1627 4379 1725 4441 -νιιπε,
1753 4377 1787 4428 ut
1808 4367 1858 4441 39,
1873 4387 1909 4430 ts.

338 4467 390 4539 45,
409 4485 450 4540 ιο,
470 4467 636 4543 sariendam
656 4477 688 4527 et
707 4468 880 4542 ‚nnuman
908 4468 978 4540 110,
996 4483 1037 4540 η,
1062 4485 1164 4526 rursus
1190 4477 1220 4526 ot
1245 4487 1360 4528 nursam
1386 4467 1436 4541 81,
1455 4487 1496 4540 ω,
1521 4473 1564 4530 uti
1589 4477 1619 4530 et
1643 4478 1678 4529 ut
1697 4470 1767 4544 119,
1785 4489 1823 4542 so,
1850 4461 1930 4530 slia'

338 4585 398 4628 non
416 4579 522 4647 pauca,
545 4569 634 4628 etiam
648 4568 794 4646 gratioris
816 4569 968 4640 momenti,
989 4578 1023 4629 ut
1045 4569 1120 4641 16,4
1141 4567 1284 4646 ancipites
1305 4569 1472 4642 haemmus,
1492 4577 1592 4630 utrum
1612 4569 1747 4650 legamus
1768 4590 1835 4631 cum
1856 4571 1910 4632 Ni·

338 4669 537 4730 comachianis
559 4670 599 4728 od
623 4667 756 4728 columen
776 4688 815 4729 an
836 4688 902 4729 cum
922 4668 1089 4729 Veronensi
1111 4670 1151 4728 od
1175 4667 1296 4729 Colume.

427 4766 458 4848 ²)
489 4769 534 4830 Ut
555 4771 694 4847 hospitam
714 4789 769 4847 pro
790 4771 911 4831 tortium
931 4770 982 4844 51,
1000 4787 1042 4842 ω,
1069 4791 1089 4830 a
1110 4773 1207 4831 cetaria
1234 4791 1290 4849 pro
1315 4775 1411 4832 retnis
1433 4771 1483 4843 87,
1499 4772 1555 4845 56,
1582 4783 1607 4833 et
1631 4773 1810 4834 sollemnibus
1838 4779 1909 4835 iocis

339 4886 395 4948 pro
421 4889 455 4930 er
480 4871 659 4932 sotlmnitae
686 4872 756 4932 loeis
785 4872 880 4945 19,1,
906 4879 1069 4949 emmau
1093 4890 1149 4949 pro
1176 4882 1357 4948 emanator
1384 4871 1435 4946 97,
1453 4891 1493 4947 ⁴⁸3
1520 4877 1563 4933 rei
1589 4893 1644 4952 pro
1672 4877 1717 4934 rei
1737 4894 1770 4953 p.
1797 4873 1847 4950 99,
1869 4894 1912 4948 ⁴⁴3

334 4971 432 5034 nata
456 4990 512 5052 pro
538 4976 629 5032 incito
654 4971 704 5045 99,
718 4989 760 5044 επ,
785 4977 1017 5050 praerogativam
1044 4989 1100 5050 pro
1123 4975 1463 5051 praeoperantem
1488 4980 1520 5035 ai
1539 4993 1596 5055 pro
1621 4995 1658 5038 nt
1679 4973 1729 5050 89,
1749 4995 1790 5048 ιι,
1816 4977 1911 5038 aaa·

338 5071 500 5136 Pusam
520 5073 661 5134 'rutam
681 5091 737 5151 pro
757 5072 894 5134 Aureliae
914 5073 1076 5136 stemnius
1099 5073 1223 5136 ntea
1243 5073 1291 5134 vel
1315 5075 1407 5138 rece
1428 5075 1479 5151 59,
1493 5094 1528 5137 ss.

381 5198 610 5279 Adtandlunpm
633 5201 684 5260 der
701 5200 925 5279 plution-liuta.
945 5199 996 5262 Kl.
1014 5199 1104 5263 1868.
1124 5198 1181 5262 Νι.
1196 5197 1226 5262 9.
1598 5181 1633 5258 Χ
