5138 6518
680 553 753 626 202

829 754 864 830 V
891 757 951 846 33,
973 755 994 828 3
1022 779 1057 854 p.
1079 757 1173 844 96,s
1198 750 1259 827 ira
1283 762 1470 852 corruptae
1494 750 1617 828 usam
1642 751 1687 828 ab
1715 750 1936 843 Lucumone,
1964 751 2026 827 cui
2053 763 2148 828 tutor
2171 751 2249 854 lpse

548 871 551 880 ’
671 883 802 980 suerat
811 881 1032 957 Veronensis
1046 878 1245 980 simplicius
1259 905 1370 980 quam
1384 881 1483 980 quod
1500 891 1558 954 est
1573 879 1611 953 iu
1628 880 1777 980 reliquis
1791 878 1854 955 cui
1868 891 1960 954 tutor
1977 878 2010 956 is
2024 879 2148 971 luerat
2162 877 2248 982 epse.

829 1008 864 1083 V
892 1011 952 1100 39,
973 1028 987 1082 7
1014 1035 1049 1108 p.
1071 1011 1183 1099 97,1e
1212 1004 1339 1082 deiude
1362 1006 1425 1082 sub
1451 1031 1618 1081 oceaseun
1641 1005 1734 1099 soles,
1771 1005 1857 1106 qula
1882 1005 1982 1082 tau
2004 1008 2155 1082 multum
2181 1005 2254 1082 diei

678 1147 876 1235 supererat,
910 1146 991 1210 aute
1022 1147 1160 1210 aootern
1192 1131 1268 1208 ruti
1295 1132 1484 1208 invasuros
1507 1132 1729 1210 Veronensis
1761 1135 1915 1236 expulso
1950 1145 2035 1209 ante
2066 1133 2254 1211 tacueras

680 1263 859 1338 vocabulo
885 1287 931 1354 se,
960 1287 1034 1362 quo
1060 1261 1241 1338 sententia
1266 1262 1494 1338 obscuratur.

832 1388 867 1463 V
893 1393 954 1481 99,
976 1415 1004 1458 -ιι
1034 1416 1071 1491 p.
1091 1392 1150 1482 97,
1169 1399 1199 1458 s.
1229 1389 1492 1488 sacerdotesque
1509 1401 1544 1464 et
1570 1377 1720 1465 Vestales
1735 1412 1844 1465 saera
1858 1387 2008 1490 publiea
2108 1389 2252 1488 auferre

681 1541 745 1591 aee
771 1529 852 1592 aute
879 1515 994 1592 aaut
1018 1518 1152 1592 cultum
1178 1515 1340 1607 deorum,
1373 1540 1481 1616 quara
1506 1541 1580 1590 aaa
1605 1528 1826 1616 superessent
1856 1515 1921 1616 que'
1944 1517 2105 1591 caerem.
2158 1515 2275 1592 Gum·

680 1643 718 1718 in
743 1643 845 1720 libris
872 1639 1083 1745 vulgaribus
1107 1644 1249 1744 legatur
1263 1641 1450 1742 flaminem
1474 1643 1737 1742 sacerdotesque
1765 1642 1925 1734 Vestales,
1948 1643 2030 1721 ,iure
2046 1643 2251 1744 Madvigius

681 1771 824 1846 monuit
847 1797 917 1871 pro
926 1770 1115 1870 flaminem
1134 1770 1319 1872 expectari
1326 1769 1504 1869 flamr'aes.
1538 1770 1617 1844 Iam
1634 1796 1716 1847 cum
1736 1771 1783 1846 sit
1799 1771 1837 1846 in
1854 1770 2058 1846 Veronensi
2064 1753 2251 1870 flamlaem

679 1899 947 1998 sacrdotesque
971 1911 1006 1974 et
1041 1896 1198 1990 Vestales,
1225 1898 1449 1999 patefactum
1475 1909 1532 1973 est
1562 1897 1653 1973 illud
1685 1899 1904 1974 vocabulum
1936 1896 2140 1974 eiciendum
2171 1923 2250 1975 esse

681 2026 768 2101 huic
792 2026 875 2100 loco
901 2025 1043 2101 illatum
1069 2051 1117 2100 ex
1142 2024 1389 2125 sequentibus.
1433 2024 1577 2100 Deinde
1603 2027 1703 2125 quod
1729 2036 1786 2101 est
1810 2025 1847 2099 in
1864 2023 2067 2101 Veronensi
2094 2025 2249 2118 dearum

682 2177 756 2227 non
783 2175 915 2246 eausa,
942 2153 1159 2253 gravitatem
1185 2151 1362 2228 orationis
1388 2153 1556 2252 adauget.

832 2279 867 2355 V
886 2283 946 2372 39,
968 2301 999 2350 rr
1015 2307 1051 2382 p.
1072 2283 1131 2372 97,
1151 2299 1185 2352 ss
1208 2279 1326 2356 siara
1421 2279 1659 2381 supersassset,
1677 2277 1831 2378 facilem
1847 2277 2025 2355 tasum
2046 2305 2120 2356 esse
2134 2278 2249 2355 saua-

681 2432 763 2481 rura
870 2407 1003 2483 turbae.
1045 2407 1151 2499 Quod
1179 2433 1267 2482 num
1290 2408 1570 2508 praeferendum
1595 2408 1644 2482 sit
1668 2407 1839 2507 vulgatae
1859 2406 2008 2484 lectioni
2025 2406 2248 2509 superfuerit,

681 2533 830 2610 videant
853 2535 1090 2635 grammatici.

832 2660 867 2736 V
892 2664 955 2755 40,
976 2683 991 2732 s
1016 2689 1053 2763 p.
1074 2665 1134 2755 99,
1155 2677 1188 2733 ra
1219 2672 1335 2737 cetera
1365 2660 1457 2737 later
1487 2686 1546 2738 eos
1575 2685 1680 2737 aare
1704 2659 1841 2762 partito
1864 2659 2039 2760 suuntur
2067 2660 2127 2737 aa
2159 2687 2249 2762 qrroe

683 2801 751 2865 cet.
796 2788 856 2864 Sic
880 2788 974 2880 libri,
1001 2789 1070 2864 nisi
1096 2789 1319 2888 quodquod
1344 2813 1413 2890 pro
1439 2813 1498 2864 eas
1513 2788 1734 2864 Veronensis
1756 2813 1802 2881 es,
1829 2789 1960 2890 reliqui
1985 2814 2040 2879 se,·
2069 2789 2249 2866 editiones

682 2915 753 2992 boc
785 2917 982 2992 retinentes
1011 2916 1189 3015 seruatur
1223 2925 1414 2990 mutarunt
1443 2915 1481 2990 iu
1504 2916 1645 3015 suunt.
1712 2914 1821 2991 Patet
1848 2917 1921 2993 hoc
1951 2916 2033 2994 loco
2064 2927 2248 2992 vetustam

683 3044 929 3144 corruptelam
947 3055 1127 3120 servatam
1144 3067 1224 3119 esse
1244 3043 1282 3118 in
1299 3040 1503 3118 Veronensi
1518 3043 1728 3144 imperfecte
1745 3046 1974 3119 emendatam
1990 3045 2028 3119 in
2046 3044 2248 3120 disseeumi

681 3169 975 3252 Nicomaobiana.
1020 3171 1113 3248 Item
1139 3170 1361 3273 paulopost
1385 3173 1486 3244 uel
1515 3181 1615 3247 recte
1640 3170 1772 3272 opinor
1797 3171 1840 3246 de
1859 3171 1961 3272 plebe
1985 3170 2090 3247 bouso
2115 3171 2248 3272 legitur

681 3299 718 3374 in
743 3297 946 3375 Veronensi
972 3298 1107 3374 omisso
1134 3299 1235 3398 quod
1261 3299 1402 3372 addunt
1426 3297 1488 3374 alii
1512 3295 1692 3373 Raucae.

832 3425 866 3500 V
893 3430 953 3516 40,
976 3447 1007 3496 ιο
1033 3453 1070 3526 p.
1091 3429 1151 3517 99,
1171 3445 1205 3501 29
1234 3423 1439 3524 rele'qe'osura
1468 3435 1584 3517 ratus,
1616 3427 1718 3526 quod
1742 3425 1902 3501 restituit
1927 3426 2134 3502 Vaassenus
2159 3451 2246 3527 pro·

682 3553 854 3654 bavitquo
880 3551 1213 3644 Weissenbomius,
1245 3552 1318 3626 iam
1352 3563 1477 3628 tuetur
1505 3552 1727 3629 Veronensis
1751 3553 1858 3646 luber,
1888 3579 1974 3628 nam
1997 3553 2129 3654 reliqui
2153 3535 2246 3628 aiere·

683 3679 844 3778 lr'qt'osura
870 3678 1076 3756 Christiane
1100 3679 1216 3778 magis
1242 3704 1352 3778 quam
1377 3677 1518 3754 Latius.

832 3807 866 3882 V
893 3811 985 3900 41,1
1016 3833 1053 3907 p.
1074 3809 1134 3899 99,
1154 3817 1186 3876 tu
1217 3805 1321 3882 turba
1342 3805 1523 3908 saciatur
1548 3808 1672 3884 mos
1700 3805 1856 3907 reqressr’
1879 3808 2069 3884 ademtam
2094 3805 2246 3884 Mettum

779 3933 1007 4034 superabant
1037 3932 1276 4026 Veronensis,
1305 3941 1467 4032 repressa
1592 3935 1799 4036 ermembat
1826 3935 1974 4036 reliqui,
2011 3937 2114 4035 quod·
2141 3934 2247 4012 facile

682 4061 770 4137 oriri
795 4061 918 4164 potuit
943 4087 991 4137 ex
1015 4061 1279 4136 emendations
1890 4121 1894 4130 .

833 4187 867 4264 V
893 4191 953 4278 41,
972 4207 1000 4260 a
1013 4215 1050 4289 p.
1071 4191 1131 4280 99,
1149 4207 1184 4260 aa
1210 4187 1263 4263 M.
1284 4186 1387 4264 Folia
1396 4187 1564 4290 poou'jlce
1577 4186 1734 4264 marato
1760 4187 1980 4264 Veronensis
2001 4189 2246 4291 adstipulante

683 4317 948 4417 quadamtenus
974 4315 1136 4392 Mediceo
1161 4315 1267 4405 libro,
1293 4314 1331 4391 in
1359 4343 1433 4416 quo
1460 4327 1515 4393 est
1538 4341 1586 4392 ut.
1603 4315 1702 4415 filt‘o3
1736 4327 1864 4393 contra
1889 4315 1943 4392 M.
1974 4315 2087 4392 aaut
2116 4318 2246 4416 reliqui

683 4469 809 4521 omnes
839 4443 1084 4543 adstipulante
1114 4441 1311 4519 Plutarcho
1338 4443 1477 4519 Camill.
1505 4447 1550 4518 21
1583 4437 1795 4542 ἐξηγουμένου
1823 4433 1950 4519 Φαβίου
1977 4443 2035 4516 τοῦ
2059 4441 2244 4548 ἁρχίερεως.

681 4571 811 4648 Nullus
837 4570 976 4662 dubito,
1012 4569 1098 4670 quin
1124 4569 1197 4646 hoc
1228 4593 1375 4674 quoque
1401 4570 1483 4646 loco
1509 4570 1628 4671 gentis
1652 4571 1844 4676 patriciae,
1878 4573 1942 4646 sed
1972 4597 2102 4671 parum
2135 4585 2246 4648 notae

680 4699 825 4775 Fosliue
842 4698 917 4776 sive
932 4697 1057 4775 Folius
1074 4722 1206 4777 nomen
1228 4697 1323 4773 male
1340 4696 1468 4773 abierit
1485 4698 1521 4774 in
1540 4697 1727 4798 vulgatum
1754 4709 1791 4774 et
1808 4697 1844 4773 in
1863 4698 2071 4776 narratione
2088 4699 2244 4775 maxime

682 4823 842 4902 Gallicae
868 4823 1066 4902 obsidionis
1099 4824 1321 4902 celebratum
1345 4825 1560 4920 Fabiorum,
1591 4851 1710 4926 neque
1741 4851 1788 4902 ex
1818 4851 1996 4902 consensu
2023 4827 2245 4904 deteriorum

679 4953 855 5028 librorum
883 4951 977 5028 Livii
1008 4964 1046 5028 et
1077 4952 1323 5054 compilatoris
1356 4951 1486 5031 Graeci
1518 4953 1714 5054 quicquam
1745 4953 1902 5030 efficitur
1933 4965 2079 5056 praeter
2110 4954 2245 5030 erroris
