5138 6518
672 527 744 600 190

668 729 763 804 duae
794 727 886 802 aliae
915 727 1087 802 videntur
1116 725 1268 802 effectae
1298 725 1510 800 coniectura
1547 725 1630 826 plus
1662 725 1827 802 minusve
1858 725 1965 802 felici.
2023 727 2240 806 Extremum

669 853 826 956 [militep
851 855 1031 930 incertum
1057 865 1124 944 est,
1150 878 1234 929 eum
1260 853 1298 928 in
1315 851 1519 928 Veronensi
1541 879 1616 927 non
1634 853 1847 954 apparuerit
1872 853 1943 930 nisi
1967 866 2054 956 post
2080 857 2240 958 spatium

669 982 851 1059 sufficiens
877 983 1053 1056 litteras.

819 1109 872 1184 111
892 1112 951 1200 83,
972 1131 1036 1209 sp.
1057 1112 1117 1200 36,
1133 1119 1149 1180 t
1169 1106 1299 1208 equites
1384 1107 1535 1184 sescenti
1539 1107 1624 1206 sere
1641 1107 1862 1184 Veronensis
1881 1108 1967 1208 (nisi
1985 1113 2086 1209 quod
2102 1135 2240 1188 sescen-

669 1237 713 1314 tis
736 1237 904 1313 librarius
931 1237 1048 1334 dedit)
1075 1246 1119 1311 ut
1136 1237 1273 1310 dudum
1293 1236 1533 1312 emendarunt
1558 1235 1732 1326 editorem
1760 1261 1805 1310 ac
1830 1262 1898 1337 pro
1918 1237 1963 1312 dc
1988 1237 2072 1314 libri
2096 1239 2239 1338 reliqui.

673 1389 675 1398 ’
819 1363 873 1440 III
893 1367 952 1455 63,
965 1363 984 1432 '⁵
1007 1391 1043 1463 p.
1060 1366 1119 1454 38,
1135 1383 1170 1438 ⁵9
1195 1374 1340 1438 sennan
1355 1369 1467 1436 unum
1492 1360 1583 1438 diem
1606 1361 1878 1462 supplicationis
1895 1365 2079 1440 consalnrn
2097 1365 2241 1442 narniae

669 1489 824 1568 decreuit
845 1492 936 1566 liber·
958 1489 1194 1580 Veronensis3
1220 1488 1260 1563 r'n
1284 1515 1397 1564 unum
1415 1488 1508 1565 diem
1529 1487 1804 1589 supplicationes
1828 1491 1900 1588 (—
1914 1489 1970 1566 nes
1996 1492 2068 1589 1³⁶)
2095 1493 2239 1594 reliqui.

659 1719 661 1724 Ι
819 1619 873 1694 ΙΠ
901 1621 995 1710 63η
1022 1645 1059 1718 p.
1081 1619 1140 1708 37,
1161 1639 1191 1688 n
1226 1615 1300 1692 eam
1333 1629 1406 1692 tans
1432 1615 1641 1716 Apollinare
1671 1616 1902 1718 appellabant
1924 1618 2162 1711 Veronensis,
2199 1633 2238 1696 ut

668 1747 756 1823 olim
782 1747 991 1824 restitutum
1019 1757 1093 1836 est3
1120 1744 1204 1821 libri
1229 1743 1360 1845 reliqui
1386 1743 1622 1844 apollinarem
1648 1743 1706 1818 uel
1732 1743 1983 1844 apollinarem.

818 1873 873 1949 III
901 1876 996 1964 63,9
1023 1899 1060 1972 p.
1081 1875 1140 1964 37,
1161 1891 1195 1942 ss
1226 1870 1266 1946 in
1297 1869 1477 1946 tribunum
1502 1871 1722 1948 Veronensis
1752 1871 1978 1948 deteriorum
2009 1873 2240 1952 coniecturae

668 2002 847 2079 calculum
873 1999 1044 2091 adiciens,
1070 1997 1110 2074 in
1136 1998 1304 2074 tributura
1329 1998 1607 2075 Nicomachiani
1632 1997 1697 2099 qui
1720 1999 1830 2074 fidem
1856 1999 2003 2076 hebent.

819 2128 872 2203 ΠΙ
900 2131 964 2220 64,
991 2147 1007 2198 a
1043 2155 1079 2227 p.
1100 2129 1165 2218 38,
1189 2147 1221 2196 rs
1252 2125 1337 2201 iura
1363 2125 1586 2202 tribunorum
1604 2124 1719 2226 plebeis
1744 2126 1981 2218 Veronensis,
2016 2132 2100 2204 iura
2125 2128 2240 2230 plebes

667 2255 809 2357 reliqui.
1040 2259 1042 2266 ’
2141 2279 2142 2284 ’

818 2381 873 2458 ΠΙ
898 2386 959 2474 64,
974 2402 989 2454 ³
1014 2409 1050 2482 p.
1073 2383 1133 2474 38,
1149 2402 1184 2451 ro
1196 2379 1454 2482 persuationis
1467 2403 1553 2456 suae
1571 2382 1739 2456 emasules.
1767 2379 1893 2456 Lectio
1910 2381 2002 2458 haee
2018 2410 2041 2456 a
2053 2383 2239 2482 Madvigio

667 2511 867 2588 substituta
899 2537 968 2612 pro
1000 2509 1181 2586 tralaticia
1202 2507 1382 2608 sactiones
1405 2507 1452 2606 (s.
1470 2507 1668 2607 sactiones)
1700 2533 1786 2584 suas
1816 2511 2094 2586 commendatur
2124 2511 2238 2588 Vero-

669 2637 784 2730 nensi,
812 2663 907 2738 quae
931 2637 1078 2712 videtur
1106 2661 1185 2714 esse
1201 2635 1382 2735 factr'enc's
1405 2661 1484 2710 sua.

819 2765 873 2841 Ill
901 2769 997 2855 64,6
1029 2792 1067 2865 p.
1088 2767 1148 2856 38,
1169 2783 1203 2834 ⁵2
1230 2775 1391 2838 auctores
1411 2763 1607 2863 populares
1631 2761 1820 2838 sententiae
1849 2760 1949 2841 baud
1967 2763 2145 2864 populari
2167 2765 2238 2842 Ve-

668 2893 834 2971 ronensis
861 2892 1020 2992 optime3
1061 2890 1145 2966 libri
1179 2889 1311 2990 reliqui
1345 2917 1415 2990 pro
1445 2888 1622 2990 populari
1651 2889 1790 2966 habent
1815 2891 2027 2991 populures,
2061 2891 2239 2970 editiones

664 3019 861 3122 populans.

821 3147 876 3223 III
903 3151 997 3238 64st
1029 3173 1067 3248 p.
1086 3148 1147 3238 38,
1166 3159 1202 3216 60
1231 3169 1366 3222 mernor
1398 3142 1567 3220 libertatis
1586 3169 1654 3245 per
1680 3143 1760 3220 illos
1783 3156 1942 3245 receptae
1967 3145 2075 3238 domi
2104 3171 2240 3224 masur

667 3274 816 3350 miliana
841 3299 962 3349 rerum
985 3285 1176 3374 pestorani.
1230 3272 1290 3350 Sie
1315 3271 1425 3348 scribi
1450 3271 1557 3348 iussit
1580 3272 1609 3347 I.
1636 3271 1697 3348 Fr.
1717 3269 1937 3366 Gronovius,
1965 3299 2049 3350 cum
2074 3274 2111 3350 in
2136 3274 2238 3352 libris

668 3402 892 3504 repperisset
916 3425 1120 3501 rumpam
1152 3400 1226 3476 iam
1256 3401 1357 3500 quod
1387 3425 1478 3500 quae
1506 3425 1628 3476 aaran
1652 3397 1829 3500 proponit
1853 3399 2085 3493 Veronensis,
2112 3426 2160 3478 ex
2184 3401 2239 3476 in·

667 3529 913 3630 terpolatione
930 3537 1063 3628 quarto
1083 3529 1228 3604 saeculo
1248 3526 1467 3626 antiquiore,
1493 3528 1620 3603 sedeo
1638 3539 1806 3627 tempore
1826 3527 1923 3604 sedis
1940 3529 2062 3606 adhuc
2078 3527 2238 3608 incertae

667 3657 886 3759 particulam
919 3681 984 3756 que
1028 3654 1205 3755 originem
1244 3654 1402 3732 traxisse
1434 3655 1597 3732 declarat
1629 3677 1749 3753 neque
1785 3653 1884 3730 aliud
1915 3656 2056 3756 patitur
2089 3656 2238 3757 opposi÷

666 3795 791 3860 torum
816 3783 924 3858 ratio.

821 3911 876 3986 III
908 3914 968 4002 64,
993 3930 1011 3986 9
1043 3933 1080 4011 p.
1105 3911 1166 4000 33,
1190 3927 1230 3984 ao,
1255 3906 1398 3984 ,miani
1422 3909 1528 3986 modo
1562 3920 1605 3982 ut
1632 3905 1923 4008 relinquerentur.
1980 3907 2121 3986 Dukeri
2149 3911 2239 3988 haec

666 4038 876 4115 emendatio
911 4063 980 4139 pro
1015 4063 1058 4113 eo
1090 4037 1192 4138 quod
1217 4035 1377 4112 traditur
1407 4035 1558 4112 aalma
1583 4035 1821 4112 confirmatur
1845 4035 2048 4114 Veronensi
2074 4038 2142 4114 etsi
2167 4039 2238 4116 hoc

667 4189 778 4242 versu
803 4165 1012 4240 obscurato.

819 4293 875 4367 III
900 4295 960 4384 64,
983 4313 1015 4362 ιο
1041 4318 1080 4392 p.
1098 4293 1160 4382 39,
1179 4297 1213 4360 a
1238 4287 1474 4390 manuque
1495 4289 1694 4388 rapotonis
1719 4313 1876 4382 carmem
1902 4289 2044 4392 inquo:
2069 4293 2105 4368 er'
2128 4291 2237 4368 tribu·

666 4445 734 4496 nos
759 4417 873 4520 plebei
897 4418 938 4493 X
958 4417 1110 4518 rapula,
1146 4415 1274 4519 siqui
1302 4443 1365 4492 vos
1399 4415 1518 4492 minus
1548 4415 1652 4494 boda
1677 4417 1717 4492 X
1745 4417 1904 4500 urbanas
1929 4418 2042 4518 peto
2062 4418 2235 4519 secentas,

667 4560 744 4623 tum
767 4545 824 4620 uti
846 4571 934 4647 qum
958 4543 1000 4620 lu'
1021 4543 1092 4620 sibi
1114 4545 1268 4646 collepas
1292 4542 1519 4644 cooptassint,
1552 4543 1701 4645 lepitr'mi
1722 4546 1844 4622 endan
1875 4545 1946 4644 laps
1972 4545 2107 4622 calani
2122 4546 2238 4647 plebis

669 4674 752 4765 siret,
778 4686 822 4748 ut
842 4673 899 4749 r'llr'
921 4699 1009 4774 quos
1032 4670 1138 4748 noua
1164 4671 1322 4748 naman
1340 4670 1456 4772 plebes
1471 4671 1645 4771 secen'a's.
1691 4671 1751 4750 Sic
1775 4673 1852 4748 fere
1877 4673 1968 4748 haec
1989 4673 2135 4750 videtur
2150 4699 2237 4750 eon·

666 4801 855 4879 stituenda
892 4825 983 4877 esse.
1040 4797 1133 4876 Post
1166 4797 1206 4876 in
1236 4823 1306 4902 quo
1335 4799 1489 4878 inseruit
1518 4799 1722 4900 Madvigius
1757 4812 1845 4876 esset
1875 4799 1988 4900 idque
2018 4825 2146 4878 verum
2182 4811 2238 4880 est

668 4953 777 5030 aegre
809 4927 1022 5020 desiderari3
1066 4938 1106 5002 at
1125 4905 1432 5004 'coniunctionem
1462 4926 1500 5006 εἰ.
1524 4951 1618 5027 quac
1651 4927 1816 5027 sequitur
1846 4927 2095 5010 sustulit‘non
2126 4939 2237 5021 recte,

669 5081 753 5134 oum
780 5058 879 5132 nuda
894 5054 1029 5156 positio
1052 5054 1232 5134 ‘tribunos
1247 5111 1273 5130 ..
1287 5055 1434 5156 rogcbo’
1462 5079 1670 5133 asermoae
1684 5054 1847 5156 legitimo
1864 5055 2074 5148 abhorreat,
2101 5055 2238 5156 duplex
