5138 6518
1835 537 1907 612 163

492 738 747 816 correctorem
763 738 857 814 liber
870 747 1000 814 nactus
1013 763 1088 812 non
1106 745 1178 829 est3
1193 763 1278 812 nam
1292 763 1386 838 quae
1403 737 1558 814 subinde
1571 747 1751 840 apparent
1766 736 1909 812 litterae
1946 769 2144 820 emanatione
2163 769 2189 818 ιιι
2208 769 2273 820 uero

338 879 545 970 expunctae
560 867 776 942 inductaeve
794 867 847 966 (2,
863 887 890 940 5.
919 869 953 958 6,
973 885 1020 939 aa.
1049 869 1084 957 9,
1104 884 1150 942 ιι.
1170 880 1219 940 15.
1249 868 1309 957 34,
1327 888 1374 941 sa.
1404 868 1464 958 36,
1483 877 1529 940 55.
1559 871 1618 958 55,
1639 886 1685 939 5ι.
1705 883 1751 940 55.
1781 868 1907 957 60,15.
2063 859 2161 910 ⁰¹³6st

340 999 401 1086 64,
418 1017 465 1073 59.
495 999 554 1087 66,
572 1015 618 1069 55.
638 1014 684 1068 55.
714 997 774 1085 91,
793 1007 821 1069 6.
850 996 910 1086 99,
932 1015 958 1068 ν.
978 1006 1024 1067 os.
1053 995 1113 1085 96,
1134 1013 1179 1070 59.
1197 1014 1244 1068 5ο.
1273 997 1333 1086 97,
1353 1009 1400 1068 55.
1429 996 1490 1085 98,
1511 995 1561 1093 16)
1592 993 1651 1068 vel
1688 992 1799 1068 etiam
1829 1017 1909 1068 mu·

337 1131 438 1200 tatae
463 1123 541 1222 (11,
557 1133 604 1198 tr.
625 1126 685 1215 90,
700 1141 746 1196 as.
768 1128 828 1214 54,
844 1135 889 1195 56.
904 1131 951 1195 ts.
972 1125 1031 1214 61,
1048 1141 1092 1196 15.
1114 1125 1174 1213 69,
1189 1135 1235 1196 56.
1262 1125 1309 1197 83
1333 1121 1441 1198 inser.
1468 1123 1527 1214 89,
1548 1133 1598 1195 15.
1619 1123 1679 1212 99,
1694 1132 1741 1194 31.
1763 1123 1846 1212 104,
1860 1129 1907 1194 11.

343 1255 430 1343 105,
450 1270 495 1325 55.
527 1254 613 1340 107,
633 1251 685 1348 57)
721 1249 912 1325 additaeve
949 1251 1032 1349 (16,
1050 1261 1098 1324 st.
1127 1253 1191 1342 76,
1211 1270 1256 1326 15.
1288 1254 1376 1342 108,
1395 1250 1465 1348 55),
1498 1275 1562 1325 eae
1592 1249 1671 1324 iure
1701 1248 1909 1324 tribuentur

338 1378 372 1452 51
396 1377 467 1478 ipsi
493 1377 556 1478 qui
581 1377 745 1453 codicem
770 1375 945 1452 exaravit.
993 1375 1180 1469 Quaedam
1197 1387 1319 1453 autem
1335 1378 1394 1453 551
1418 1377 1457 1452 15
1474 1376 1532 1453 his
1548 1385 1690 1452 mutata
1706 1376 1908 1477 deprehen·

340 1506 477 1581 duntur
502 1505 539 1579 in
565 1504 680 1606 peius,
708 1516 750 1580 ut
776 1509 897 1596 54,16.
918 1509 977 1596 55,
995 1525 1042 1578 55.
1063 1509 1123 1598 61,
1140 1526 1184 1579 ι5.
1205 1509 1265 1597 96,
1281 1527 1327 1580 aa.
1350 1509 1432 1596 107,
1447 1527 1493 1578 55.

492 1631 639 1708 Scholia
655 1633 692 1708 in
710 1632 836 1708 codiee
853 1631 1085 1733 reperiuntur
1101 1657 1299 1734 perpauca,
1325 1657 1456 1734 nempe
1483 1643 1632 1733 praeter
1656 1631 1907 1707 oblitteratum
1919 1653 2021 1706 saona
2040 1655 2132 1704 rana
2150 1663 2174 1702 οι
2194 1653 2300 1706 erma

341 1787 379 1862 p.
398 1761 490 1858 411)
506 1758 638 1835 Latina
659 1761 733 1834 duo
751 1759 858 1834 iuxta
870 1760 984 1834 verba
1005 1760 1191 1861 adscripta
1214 1787 1252 1861 p.
1273 1763 1318 1834 61
1346 1757 1480 1836 Lucius
1496 1757 1702 1860 Placebat]
1730 1759 1868 1859 (littera
1883 1785 1910 1834 ιι

341 1888 479 1988 scripta
496 1911 607 1988 super
624 1911 644 1962 5
662 1913 736 1986 quo
762 1886 944 1988 pertineat
968 1887 1116 1988 ignoro)
1134 1899 1172 1963 et
1188 1914 1225 1989 p.
1243 1890 1313 1962 107
1335 1885 1480 1988 [orchia
1499 1885 1645 1964 Camilli
1660 1885 1843 1963 dictatoris
1860 1887 1910 1961 cd

334 2041 374 2116 p.
392 2015 457 2108 R,
477 2012 620 2091 Graeca
643 2013 732 2090 item
750 2015 963 2116 dunposita
980 2014 1017 2089 iu
1034 2015 1197 2116 margine
1217 2015 1387 2092 inferiore
1404 2041 1441 2116 p.
1461 2019 1526 2090 61:
1553 2004 1601 2088 ‘dn
1620 2015 1696 2086 κατ’
1715 2015 1797 2086 ἐκῖνο
1817 2013 1908 2120 nepai

299 2129 303 2138 .
340 2134 402 2218 rod
414 2142 527 2232 λοιμοῦ
553 2144 584 2214 ἓν
610 2133 763 2238 νῇΡιιῖμῃ
781 2194 790 2212 .
809 2197 818 2212 .
836 2195 845 2213 .
863 2195 873 2212 .
892 2136 969 2248 πρὸς
994 2136 1158 2242 ἒξιλὲωσιν
1185 2143 1242 2228 τῆς
1267 2135 1441 2229 γεναμένης
1468 2133 1561 2215 55555
1578 2141 1624 2235 τῷ
1638 2135 1821 2214 Ἀπόλλωνι
1838 2133 1908 2212 cciv

339 2272 445 2378 ἐγῒροι
460 2259 611 2369 ηὔξαντο,
639 2293 732 2370 quae
754 2271 979 2371 respondent
995 2271 1115 2346 verbis
1131 2281 1255 2347 textus
1268 2275 1304 2365 4,
1320 2273 1380 2362 95,
1396 2273 1437 2345 3:
1458 2268 1661 2372 pestilentia
1678 2295 1718 2346 55
1736 2293 1831 2345 anno
1847 2325 1856 2342 .
1873 2325 1881 2343 .
1898 2326 1906 2344 .

341 2397 442 2476 cedia
459 2395 633 2499 Apollabir
647 2423 715 2498 pro
732 2396 931 2474 valetudiue
945 2395 1077 2498 papali
1096 2411 1178 2474 vota
1202 2411 1261 2490 eat,
1285 2408 1376 2498 etp.
1398 2401 1446 2474 88
1465 2451 1473 2468 .
1490 2452 1500 2468 .
1519 2453 1527 2468 .
1545 2452 1553 2467 .
1572 2452 1579 2468 .
1600 2454 1607 2468 .
1625 2388 1827 2470 (ιο-τενόντων
1844 2397 1907 2486 ἐχ,-

340 2524 391 2632 θρ
409 2578 607 2596 ........
626 2553 670 2598 νιν
688 2515 931 2631 στρατεύμασιν
950 2525 1114 2598 κινοῦσιν.
1133 2579 1140 2596 .
1159 2580 1168 2596 .
1188 2529 1216 2598 51
1235 2527 1389 2610 Ῥωμαῖοι
1407 2518 1674 2612 πολιτευσάμενοι
1690 2578 1699 2595 .
1717 2576 1726 2594 .
1745 2578 1753 2594 .
1772 2577 1781 2594 .
1800 2551 1826 2598 ις
1844 2525 1909 2599 τοῖς

341 2645 493 2740 πολέμοις
509 2645 563 2726 adv
581 2643 882 2759 61555155[ρα]...ν
900 2648 1153 2758 προχιρίζοντοιι,
1173 2679 1267 2754 quae
1285 2655 1330 2728 de
1349 2653 1527 2730 dictatore
1544 2652 1733 2730 adnotatio
1750 2651 1908 2727 hominis

341 2807 416 2857 uon
437 2782 634 2857 admodum
657 2780 755 2856 docti
777 2807 851 2856 non
870 2779 1066 2857 coniuncta
1088 2790 1145 2856 est
1162 2805 1245 2856 eum
1262 2779 1423 2857 Liuianis
1439 2780 1477 2856 in
1498 2779 1633 2881 pagina
1647 2779 1710 2855 illa
1726 2778 1907 2880 perscrip-

340 2909 400 2986 tis.
443 2907 545 2984 llaec
571 2907 710 2984 scholia
733 2907 820 2983 licet
836 2907 1030 2984 videantur
1047 2933 1130 2984 eum
1154 2908 1236 3009 ipso
1261 2908 1356 2984 libro
1381 2907 1497 3008 magis
1514 2918 1666 2983 exarata
1691 2931 1770 2983 esse
1798 2931 1908 3007 quam

342 3046 472 3138 postea
497 3035 649 3126 adiecta,
676 3046 799 3111 tamen
822 3036 922 3135 quod
938 3047 1137 3137 propterea
1152 3035 1317 3111 Blumius
1342 3035 1516 3112 iudicavit
1539 3035 1673 3112 librum
1698 3034 1737 3108 in
1755 3031 1909 3110 Graecia

341 3163 519 3265 seriptum
530 3162 648 3238 videri
663 3162 821 3262 indeque
838 3163 989 3237 allatum
1005 3162 1293 3254 asseverarem,
1313 3163 1403 3239 mibi
1419 3189 1493 3239 non
1511 3164 1707 3263 probatum
1726 3187 1812 3236 nam
1829 3185 1907 3237 sae·

341 3290 415 3366 culi
440 3290 562 3390 quarti
587 3290 814 3391 grammatici
840 3289 1059 3390 quicumque
1085 3299 1205 3381 erant,
1238 3289 1348 3366 etiam
1373 3291 1410 3365 in
1436 3289 1543 3366 ltalia
1567 3291 1742 3391 degentes
1768 3299 1907 3366 utram·

344 3443 415 3519 que
440 3418 602 3518 linguam
627 3417 759 3493 callere
785 3418 952 3494 solebant
976 3443 1095 3518 neque
1111 3417 1244 3494 mirum
1271 3429 1327 3494 est
1353 3418 1399 3494 ab
1427 3416 1604 3494 eiusmodi
1626 3415 1774 3492 homine
1797 3441 1906 3516 quae-

343 3547 427 3622 dam
453 3543 592 3622 Graece
619 3545 667 3620 ad
690 3542 834 3620 Livium
860 3543 1040 3620 adnotari.

493 3671 690 3748 Vrdeamus
717 3673 762 3747 de
788 3672 970 3749 scribendi
995 3669 1148 3748 ratione.
1168 3717 1219 3730 -
1237 3671 1467 3773 Syllabarum
1494 3672 1708 3748 divisionem
1725 3670 1904 3762 Latinam,

342 3800 382 3876 id
407 3811 463 3876 est
487 3825 584 3892 555,
618 3811 720 3899 quae'
736 3799 865 3875 nititur
894 3799 933 3874 in
959 3800 1244 3876 consonantibus
1268 3800 1460 3901 geminatis
1486 3798 1730 3875 distrahendis
1755 3799 1794 3873 in
1820 3797 1908 3875 seri·

342 3929 464 4004 heudo
494 3926 562 4020 sic,
595 3937 637 4002 ut
667 3926 706 4001 in
735 3951 827 4004 voce
859 3927 1053 4003 formanda
1082 3927 1235 4004 distrahi
1267 3929 1459 4026 debono),
1493 3939 1673 4029 perpetuo
1699 3925 1909 4003 observavit

499 4249 528 4328 ¹)
549 4249 621 4310 Nou
641 4270 763 4311 numero
784 4251 869 4312 lusus
890 4269 996 4312 manns
1016 4252 1202 4330 posterioris,
1224 4261 1256 4312 ut
1275 4271 1305 4330 p.
1321 4253 1371 4313 51.

498 4349 529 4429 ’)
549 4351 662 4430 Legem
682 4372 747 4413 eam
769 4353 801 4412 in
821 4353 906 4412 libris
926 4355 978 4430 qui
998 4353 1118 4430 quidam
1139 4354 1344 4414 auctoritatem
1364 4353 1475 4414 habant
1494 4371 1642 4431 peraeque
1662 4351 1794 4412 obtinere
1812 4351 1907 4412 Lach-

342 4473 470 4516 mannue
492 4454 606 4514 monuit
632 4453 664 4512 in
691 4453 874 4533 praefatione
895 4454 933 4513 ad
954 4473 1064 4514 novum
1085 4462 1153 4514 test.
1174 4455 1234 4514 vol.
1256 4455 1271 4514 I
1290 4453 1473 4534 p.xxv11;
1498 4455 1624 4515 eundem
1650 4471 1737 4515 usum
1762 4455 1852 4515 etiam
1877 4453 1909 4512 in

341 4575 411 4617 aere
431 4564 462 4614 et
482 4573 629 4616 marmore
651 4555 813 4615 scribentes
835 4564 951 4615 secutos
973 4574 1040 4616 esse
1062 4574 1118 4634 ego
1139 4557 1294 4617 observavi
1315 4557 1346 4617 in
1367 4555 1511 4616 addendis
1532 4555 1572 4614 ad
1591 4555 1689 4633 legum
1705 4553 1909 4633 Salpensanae

342 4659 596 4735 Malacitauaequa
622 4657 778 4716 editionem
807 4678 836 4736 p.
859 4657 928 4717 505.
976 4657 1191 4733 Exceptionem
1217 4658 1335 4735 quidem
1366 4657 1437 4716 facit
1466 4663 1687 4716 mouumentum
1715 4657 1909 4734 Ancyranum

345 4758 389 4835 (ν.
411 4759 457 4819 ed.
480 4778 563 4818 meae
583 4779 612 4836 p.
631 4759 716 4834 145);
739 4758 802 4818 eius
823 4759 973 4818 tamenin
993 4777 1030 4818 ea
1050 4759 1223 4835 quaestione
1251 4778 1310 4819 nou
1330 4759 1400 4818 talis
1422 4760 1583 4818 auctoritas
1605 4766 1652 4817 est
1672 4757 1770 4835 qualis
1790 4759 1823 4818 in
1842 4757 1909 4817 reli·

342 4861 422 4938 quis,
443 4879 509 4920 eum
525 4859 659 4920 Graecus
673 4859 881 4937 quadratarius
902 4859 1042 4920 facillime
1063 4859 1094 4919 iu
1115 4879 1151 4919 ea
1171 4861 1237 4937 ipsa
1257 4879 1289 4919 re
1308 4860 1346 4920 ad
1361 4859 1488 4938 patrium
1503 4879 1588 4921 usum
1603 4859 1750 4920 declinare
1770 4859 1907 4938 potuerit.

1600 5092 1654 5168 Sa
