5138 6518
1838 547 1909 622 191

336 759 460 824 autem
483 747 663 824 eiusmodi
684 747 852 825 condicio
871 747 978 849 plane
1001 746 1035 822 ei
1060 745 1264 824 conveniat.
1304 744 1346 821 ln
1363 755 1523 822 mentem
1541 745 1642 821 venit
1657 743 1692 822 ri
1710 744 1827 848 r'raqatt
1842 772 1911 850 pro

336 875 377 952 a'a
394 901 464 976 qtae
481 874 523 950 ri.
564 874 708 952 Deinde
725 874 891 952 verberi
912 873 978 976 qa·
998 899 1060 951 aaa
1083 873 1203 950 mabar
1227 872 1332 949 laodic
1348 872 1389 949 X
1412 873 1569 950 abacos
1584 873 1745 972 feceriut
1767 873 1813 950 iat
1842 876 1912 974 (sic

336 1003 377 1096 P,
395 1001 715 1102 secerriatai'ML),
743 1003 780 1078 in
797 1001 1001 1078 Veronensi
1018 1011 1118 1079 recte
1142 1001 1214 1102 legi
1239 1027 1312 1076 non
1332 1011 1544 1102 potuerunt,
1572 1028 1794 1102 quemquam
1808 1003 1910 1102 sece-

334 1130 424 1224 ritia
452 1133 553 1231 quod
571 1157 685 1206 unum
700 1156 826 1206 verum
847 1143 913 1222 est,
941 1155 1069 1230 reapse
1095 1129 1132 1205 in
1160 1155 1203 1205 eo
1229 1130 1376 1204 videtur
1400 1129 1645 1230 perscriptum
1670 1129 1793 1206 fuisse.
1846 1129 1909 1206 Se·

335 1259 486 1358 quentia
511 1269 634 1334 autem
665 1259 808 1334 duobus
839 1257 930 1333 locis
962 1283 1034 1358 ope
1068 1257 1145 1334 eius
1177 1256 1261 1332 libri
1291 1259 1547 1348 emendantur,
1581 1257 1740 1358 primum
1771 1257 1910 1334 inserto

335 1387 516 1462 vocabulo
542 1383 596 1477 tt,
624 1385 756 1460 deinde
782 1385 934 1461 sublatis
959 1385 1148 1461 vocabulis
1173 1382 1295 1458 atilli
1316 1384 1357 1458 in.
1380 1383 1538 1484 vulgatis
1563 1384 1666 1460 libris
1691 1385 1786 1460 male
1805 1409 1909 1485 repe·

334 1511 412 1588 titis
438 1525 523 1589 ante
550 1511 711 1612 lepitana}
738 1539 824 1588 nam
850 1513 985 1588 afuisse
1010 1537 1053 1588 ea
1070 1539 1092 1587 a
1108 1510 1311 1588 Veronensi
1331 1511 1441 1612 spatii
1457 1511 1618 1587 rationes
1644 1513 1907 1588 demonstrant.

486 1639 540 1716 lll
568 1645 615 1716 65
640 1668 678 1742 p·
697 1642 757 1731 39,
773 1651 805 1712 tr
834 1651 1031 1741 postquam
1051 1639 1188 1715 dictum
1214 1651 1271 1715 est
1297 1640 1342 1715 de
1369 1639 1525 1716 comitiis
1541 1639 1774 1716 tribunorum
1792 1639 1909 1740 plebis

334 1793 367 1842 a.
396 1769 468 1842 305
497 1766 550 1843 ita
575 1767 758 1869 perfectis,
787 1779 829 1844 ut
854 1767 1016 1868 quinque
1041 1766 1196 1842 tribunis
1219 1767 1351 1842 creatis
1367 1765 1485 1868 plebis
1511 1766 1692 1868 suffragiis
1719 1761 1909 1867 cooptatio

336 1893 558 1996 collegarum
596 1895 886 1995 permitteretur,
928 1893 1233 1970 Nicomachianae
1268 1894 1489 1970 recensionis
1524 1894 1609 1970 libri
1642 1894 1697 1970 ita
1732 1906 1907 1996 perguntr

334 2020 420 2096 aori
443 2020 579 2096 urbani
595 2020 711 2122 plebea
734 2021 775 2096 ia
801 2019 1010 2122 cooptandis
1035 2019 1177 2120 callepio
1192 2034 1341 2121 patrum
1365 2022 1581 2097 volantatem
1596 2022 1788 2121 severare&
1820 2023 1909 2098 deror

334 2147 440 2224 etiam
470 2147 645 2250 patricios
676 2151 947 2250 consularesque
981 2148 1043 2249 Sp.
1080 2146 1274 2249 Tarpeium
1312 2161 1347 2225 et
1373 2147 1417 2224 A.
1448 2147 1653 2226 Aetaaiam
1689 2161 1906 2250 coeptavere.

336 2274 464 2376 Longe
489 2277 595 2352 aliter
622 2277 856 2353 Veronensis:
887 2301 935 2352 aa
953 2333 1113 2352 .......
1126 2275 1360 2377 parababrnetl
1376 2333 1537 2352 .......
1560 2289 1781 2378 coeptavere,
1814 2303 1909 2376 quae

336 2404 510 2503 reliquiae
542 2405 590 2480 ad
622 2404 800 2480 eiusmodi
829 2405 907 2479 fere
938 2403 1206 2479 restitutionem
1233 2405 1387 2480 ducunt:
1413 2402 1530 2504 No[ur'
1552 2416 1595 2479 tr.
1617 2405 1671 2504 pl.
1700 2401 1740 2482 C.
1767 2402 1837 2503 Μ]
1865 2403 1906 2478 Ρ.

336 2529 477 2606 Art'crbr
500 2530 551 2606 N.
571 2543 604 2606 et
619 2529 660 2606 L.
681 2529 845 2606 Ateraa'or
871 2542 1092 2631 cooptavere3
1119 2531 1358 2632 videmurque
1380 2533 1487 2608 nobis
1504 2531 1674 2608 hocloco
1701 2532 1904 2632 deprehen·

335 2660 421 2734 dere
447 2657 767 2758 interpolationem
800 2685 874 2734 non
905 2658 1195 2759 grammaticam,
1229 2660 1295 2735 sed
1327 2659 1551 2736 historicam.
1608 2657 1718 2751 Quod
1749 2659 1904 2736 dicimus

335 2813 409 2861 non
435 2796 510 2860 tam
538 2797 693 2887 propter
716 2787 919 2886 scripturae
945 2785 1193 2862 diversitatem
1224 2811 1271 2862 ex
1301 2811 1403 2862 mero
1433 2785 1665 2864 librariorum
1691 2811 1815 2864 errore
1840 2785 1904 2862 vix

335 2912 423 2988 satis
440 2913 694 3014 explicandam
712 2939 823 3013 quam
840 2923 993 3015 propter
1017 2913 1135 3014 ipsam
1157 2913 1210 2988 rei
1232 2913 1389 2990 traditae
1406 2924 1587 2990 naturam.
1633 2913 1779 2991 Scilicet
1804 2915 1904 3014 quod

333 3041 447 3116 refert
470 3039 596 3116 Livius
622 3040 682 3115 ille
699 3039 1014 3134 Nicomachianus,
1042 3040 1216 3142 explicari
1240 3067 1316 3116 non
1333 3052 1459 3142 potest
1475 3041 1545 3116 nisi
1567 3040 1631 3133 ita,
1659 3052 1702 3116 ut
1718 3067 1904 3118 sumamus

335 3168 510 3269 patricios
541 3167 623 3244 illos
657 3169 750 3244 duos
782 3179 891 3244 antea
921 3170 969 3243 ad
999 3169 1144 3269 plebem
1169 3167 1359 3260 mansissm
1390 3195 1476 3244 nam
1507 3168 1571 3270 qui
1598 3179 1720 3244 essent
1743 3168 1901 3270 patricii,

335 3321 400 3372 eos
424 3295 592 3371 tribunos
617 3295 733 3395 plebia
760 3306 902 3372 creatos
929 3321 1008 3372 esse
1025 3307 1063 3372 et
1086 3321 1210 3372 rerum
1234 3295 1432 3372 memoriae
1448 3307 1486 3372 et
1502 3296 1658 3396 publicis
1683 3293 1825 3396 legibus
1852 3296 1906 3372 ita

335 3423 551 3523 refragatur,
579 3434 620 3498 ut
644 3423 683 3498 id
707 3449 783 3499 non
801 3424 919 3500 solum
945 3424 1083 3499 factum
1109 3449 1189 3499 esse
1207 3449 1380 3524 umquam
1399 3425 1608 3526 negandum
1633 3423 1692 3515 sit,
1720 3424 1785 3500 sed
1810 3425 1904 3500 adeo

335 3561 496 3626 veterem
521 3562 709 3626 auctorem
728 3552 841 3626 ullum
866 3549 905 3626 id
922 3551 1089 3652 posuisse
1113 3550 1164 3649 (v.
1181 3552 1273 3626 rdra.
1295 3549 1441 3626 Forscl.
1464 3557 1497 3644 1,
1519 3552 1726 3651 112.1124).
1753 3549 1803 3626 Et
1819 3575 1905 3626 vere

335 3676 461 3756 Livius
486 3679 612 3778 paullo
628 3689 715 3778 post
739 3681 792 3776 (4,
814 3679 877 3776 16)
902 3677 956 3752 ita
980 3678 1123 3754 scribit:
1149 3675 1246 3753 lurae
1262 3677 1466 3754 manaem
1490 3679 1591 3778 apud
1615 3678 1790 3779 praedam
1817 3703 1903 3754 auc·

337 3816 426 3880 terea
452 3804 618 3881 ramese
643 3832 668 3880 a
687 3805 852 3904 patritus
875 3805 927 3880 ad
944 3804 1083 3904 plebem
1099 3804 1391 3906 undecimamque
1417 3805 1598 3882 dducam
1617 3805 1734 3906 plebat
1759 3817 1903 3905 coapta·

337 3943 433 4008 tam.
450 3989 458 4007 .
477 3931 629 4009 invenio.
677 3927 815 4008 Similia
839 3931 897 4007 vel
922 3931 1020 4006 tradi
1044 3930 1103 4007 vel
1127 3929 1444 4033 fingi‘potuerunt
1467 3935 1514 4008 de
1539 3933 1750 4010 consulibus
1775 3959 1809 4008 a
1829 3935 1903 4008 300

336 4085 403 4138 nec
427 4085 495 4162 per
520 4085 561 4136 se
585 4060 720 4135 iustam
746 4057 989 4160 suspicionem
1014 4071 1194 4154 moveret,
1228 4061 1329 4160 quod
1361 4085 1407 4136 es
1430 4059 1593 4136 narratio
1617 4087 1694 4136 non
1719 4059 1904 4136 invenitur

336 4188 406 4264 nisi
436 4189 535 4288 apud
567 4188 686 4264 solum
710 4185 871 4277 Livium3
903 4197 942 4262 at
971 4186 1043 4263 hoc
1073 4199 1213 4279 movet,
1246 4189 1347 4288 quod
1376 4187 1557 4265 hocloco
1582 4189 1736 4264 verbum
1762 4187 1903 4264 nullum

333 4315 378 4391 fit
403 4315 449 4390 de
472 4315 712 4415 patriciorum
738 4313 954 4390 transitione
980 4315 1027 4389 ad
1052 4313 1197 4414 plebem
1222 4325 1260 4390 et
1283 4315 1338 4391 ita
1361 4339 1421 4392 res
1441 4327 1644 4408 enarratur,
1672 4315 1777 4416 quasi
1803 4314 1902 4391 ordi·

335 4443 391 4518 nis
408 4441 552 4542 patricii
568 4442 735 4518 homines
759 4443 986 4518 tribunatum
1002 4441 1120 4542 plebis
1145 4443 1372 4543 susceperint
1395 4455 1540 4520 retento
1555 4443 1765 4544 patriciatu.
1805 4441 1904 4520 llum

336 4570 508 4645 credibile
538 4581 597 4646 est
620 4581 825 4661 auctorem,
861 4569 925 4669 qui
957 4569 1004 4644 de
1033 4568 1133 4646 hisce
1157 4570 1267 4646 rebus
1292 4569 1411 4670 planis
1443 4581 1481 4646 et
1505 4571 1643 4673 apertis
1668 4595 1716 4647 ne
1740 4570 1905 4670 potuerit

337 4697 485 4798 quidem
516 4721 639 4773 errare
669 4697 982 4797 necessariamque
1010 4695 1115 4770 illum
1152 4707 1270 4773 status
1304 4698 1545 4774 mutationem
1582 4699 1667 4776 loco
1698 4697 1903 4800 posteriore

338 4849 559 4925 quamquam
605 4823 643 4901 in
690 4849 731 4900 re
776 4823 896 4900 obiter
939 4833 1144 4899 memorata
1185 4834 1286 4901 recte
1326 4825 1535 4919 declararit,
1587 4826 1659 4902 hoc
1697 4825 1822 4928 priore
1865 4837 1904 4902 et

335 4952 504 5053 graviore
527 4952 636 5054 longe
661 4975 743 5028 eam
769 4951 1016 5053 suppressisse
1045 4959 1184 5026 ettam
1209 4952 1333 5054 inepte
1363 4977 1441 5028 rem
1466 4977 1646 5046 narrasse,
1677 4955 1792 5030 atad
1818 4978 1902 5054 per·

335 5105 479 5157 versam
504 5079 614 5182 plane
639 5081 684 5156 de
709 5103 754 5156 ea
778 5103 821 5156 re
845 5077 1093 5181 opinationem
1118 5078 1274 5158 lectores
1299 5079 1504 5158 necessario
1525 5081 1766 5182 perduceret?
1805 5078 1902 5158 (lon-
