5138 6518
668 531 740 606 158

664 743 816 834 recepta
840 755 1040 810 consensus
1066 728 1280 832 scrupulum
1303 727 1343 808 in
1364 753 1406 805 re
1422 729 1608 830 praesenti
1623 728 1821 822 ifficoissm,
1847 729 2069 808 vocabulum
2089 728 2163 808 ‘sic'
2181 731 2246 808 ad·

666 860 814 960 scripsi,
844 859 898 936 ita
922 868 1079 934 testatus
1105 856 1271 935 codicem
1299 857 1346 932 de
1379 881 1425 933 ea
1453 855 1536 959 ipsa
1549 897 1552 904 ¹
1565 869 1619 934 re‘
1633 859 1723 934 data
1747 881 1862 961 opera
1887 857 2136 938 exanimatum
2159 883 2248 938 vore

665 987 706 1063 id
730 988 866 1063 habere
892 987 995 1088 quod
1021 1010 1068 1062 ex
1094 1011 1138 1060 eo
1164 983 1273 1060 edidi.
1325 983 1521 1062 Praeterea
1551 984 1792 1062 adnotatione
1815 984 1969 1064 ‚adiecta
1998 997 2180 1086 quantum
2208 986 2247 1064 in

665 1139 725 1191 me
749 1114 822 1190 fuit
846 1112 983 1206 curavi,
1010 1123 1054 1190 ut
1078 1111 1189 1188 simul
1214 1111 1389 1210 idoneum
1412 1121 1632 1215 apparatum
1658 1112 1826 1190 criticum
1851 1111 1965 1190 editio
1990 1112 2083 1190 haec
2098 1138 2247 1214 reprae-

666 1253 844 1334 sentaret,
872 1249 1054 1342 quatenus
1079 1239 1263 1342 pervenit,
1291 1265 1449 1342 eumque
1473 1240 1527 1316 ita
1551 1242 1788 1333 adornatum,
1823 1239 1963 1341 utqui
1987 1265 2032 1316 ea
2058 1251 2184 1318 utatur
2208 1251 2248 1316 et

665 1369 773 1446 facile
799 1379 838 1445 et
862 1381 965 1446 certo
990 1367 1158 1446 lectionis
1182 1367 1342 1444 traditae
1367 1368 1651 1471 discrepantiam
1673 1367 1866 1470 percipiat
1909 1367 1954 1444 In
1971 1379 2247 1470 quoapparacu

668 1496 896 1574 conficiendo
913 1521 999 1573 cum
1017 1495 1181 1574 subsidia
1197 1495 1477 1572 Alschefskiana
1492 1521 1569 1572 non
1586 1496 1753 1574 sufficere
1768 1495 1932 1572 viderem
1949 1494 2133 1593 (caremus
2150 1494 2247 1574 euim

667 1624 789 1700 adhuc
811 1624 935 1700 nescio
958 1624 1146 1725 quomodo
1172 1622 1212 1698 in
1236 1623 1320 1724 ipso
1337 1621 1443 1700 Livio
1468 1635 1508 1700 et
1532 1623 1697 1700 omnium
1712 1623 1873 1698 maxime
1898 1622 1938 1698 in
1963 1623 2102 1702 decade
2116 1622 2247 1723 *prima

668 1751 778 1852 pleno
796 1761 835 1826 et
858 1752 1029 1827 absoluto
1056 1750 1185 1828 critico
1210 1750 1485 1850 instrumento),
1512 1761 1555 1828 ut
1579 1777 1624 1828 ea
1644 1759 1724 1827 'non
1750 1750 1885 1852 exigua
1908 1749 2119 1828 accessione
2143 1748 2246 1828 locu·

667 1877 908 1980 placarentur,
934 1879 1076 1955 fimum
1100 1889 1158 1954 est
1180 1878 1316 1980 partim
1340 1877 1491 1954 Rudolfl
1509 1877 1690 1956 ›Schoellii
1714 1877 1788 1954 mei
1812 1876 1987 1971 sollertia,
2014 1876 2079 1978 qui
2094 1876 2246 1956 Floren-

667 2006 742 2082 tiae
768 2007 904 2106 degens
928 2030 1012 2082 mea
1037 2031 1150 2082 causa
1173 2005 1379 2083 Mediceum
1405 2007 1526 2082 denuo
1552 2004 1730 2098 exomsit,
1760 2005 1897 2107 partim
1920 2003 2127 2106 Pluygersii
2151 2001 2247 2105 Ley·

667 2133 791 2210 densis
816 2132 1046 2226 liberalitate,
1075 2158 1170 2234 quae
1195 2157 1240 2210 eo
1266 2133 1407 2234 gratior
1425 2132 1567 2226 accidit,
1595 2131 1797 2233 quodiam
1823 2142 1881 2209 est
1904 2143 2092 2210 consueta
2137 2130 2246 2224 Quod

668 2272 793 2338 autem
818 2261 857 2336 in
881 2260 986 2336 varia
1014 2261 1172 2340 lectione
1200 2286 1255 2354 ea,
1291 2285 1386 2361 quae
1418 2261 1527 2338 bonis
1558 2259 1661 2336 libris
1693 2258 1832 2336 tradita
1859 2269 1931 2353 cst,
1962 2259 2156 2340 retaenda
2186 2283 2246 2339 me

668 2387 834 2466 continui
866 2387 1101 2490 abstinuique
1129 2390 1177 2464 ab
1211 2387 1312 2464 omni
1342 2415 1418 2466 non
1448 2388 1534 2468 dico
1554 2386 1826 2464 ’emendationis
1854 2386 2045 2464 arandae
2069 2386 2245 2488 periculo,

667 2517 734 2592 sed
763 2517 811 2592 ab
837 2515 920 2617 ipsa
953 2515 1251 2593 emendationum
1289 2515 1472 2593 &marum
1511 2515 1876 2608 commemoratione,
1917 2514 1957 2592 id
1993 2514 2033 2590 in
2065 2514 2246 2593 eiusmodi

668 2643 839 2744 exemplo
865 2645 1071 2720 necessario
1096 2643 1177 2720 fieri
1194 2643 1337 2735 debuit3
1364 2667 1485 2744 neque
1502 2642 1601 2720 enim
1616 2640 1764 2719 Livium
1780 2640 1992 2743 recognovi,
2018 2643 2085 2720 sed
2101 2643 2246 2720 codices

667 2768 747 2844 eius
780 2769 1056 2871 antiquissimos
1087 2769 1361 2871 repraesentavi
1395 2795 1464 2847 neo
1500 2769 1590 2848 utile
1629 2781 1687 2848 est
1722 2769 1877 2848 miscere
1917 2768 2064 2848 diversa
2101 2779 2140 2846 et
2178 2795 2246 2848 sua

668 2905 802 2972 natura
826 2897 1002 2975 seiuncta.
1665 2907 1668 2916 ’

281 3066 348 3118 cece
366 3063 448 3116 sorex
466 3075 517 3126 quo
537 3067 651 3128 amp„
823 3023 905 3116 Quo
930 3035 1099 3127 tempore
1123 3022 1219 3101 Livii
1243 3025 1363 3101 codex
1387 3025 1435 3100 de
1460 3049 1534 3126 quo
1560 3025 1702 3126 agimus
1728 3024 1887 3126 scriptos
1912 3024 1972 3118 sit,
1998 3035 2100 3102 certo
2126 3025 2245 3100 deter-

410 3153 525 3220 ΜΡΝ·
669 3149 802 3228 minari
832 3178 908 3229 non
938 3163 1075 3254 potest,
1110 3151 1181 3229 nisi
1212 3153 1315 3254 quod
1342 3152 1524 3229 vocabula
1554 3164 1762 3254 quaesunt
1789 3151 1947 3231 consul
1972 3152 2245 3230 etconsules

667 3279 722 3356 sio
746 3289 877 3356 notata
894 3301 1011 3355 coms·
1039 3289 1078 3354 ct
1099 3301 1239 3355 comcs·
1265 3280 1467 3358 ostendunt
1484 3280 1731 3381 antiquarium
1749 3278 1813 3380 qui
1836 3280 1972 3356 librum
1998 3279 2145 3381 scripsit
2170 3297 2245 3364 uon

665 3405 803 3484 vixisse
834 3417 919 3482 ante
951 3405 1277 3506 Diocletianuml).
1330 3405 1441 3500 Quod
1472 3407 1505 3484 si
1536 3407 1611 3484 hoc
1643 3433 1788 3486 sumere
1820 3406 1907 3484 licet
1939 3406 2129 3508 scripsisse
2161 3425 2245 3486 eum

667 3543 865 3634 antequam
889 3534 994 3610 tieret
1017 3534 1183 3611 recensio
1208 3531 1510 3628 Nicomachiana,
1541 3546 1739 3637 propterea
1765 3537 1867 3636 quo'd
1891 3535 1971 3636 ipse
1996 3534 2163 3635 sequitur
2186 3559 2244 3610 re·

666 3659 876 3738 censionem
902 3660 1095 3755 diversam,
1122 3661 1388 3738 adiudicandus
1413 3673 1471 3738 ast
1495 3663 1644 3740 saeculo
1660 3673 1813 3763 qu'arto3
1840 3687 1923 3740 eam
1947 3672 2072 3741 umen
2097 3661 2244 3740 ratioci-

667 3787 856 3864 nationem
890 3799 928 3864 et
959 3815 1028 3891 per
1062 3795 1112 3866 se'
1134 3790 1314 3866 incertam
1345 3813 1427 3867 esse
1450 3789 1559 3868 video
1584 3801 1624 3866 et
1653 3790 1741 3866 satis
1771 3799 1941 3868 constare
1971 3787 2245 3872 casiodorium

667 3915 815 3992 sacculo
848 3925 955 3992 sexto
988 3916 1137 3993 ineunte
1173 3943 1281 3994 usum
1311 3941 1391 3993 esse
1427 3916 1555 3994 codice
1585 3915 1739 3994 Liuiano
1772 3916 1995 3994 recensionis
2026 3942 2102 3993 non
2134 3915 2244 3996 Nico·

667 4042 935 4140 machionae2).
979 4043 1036 4119 Ea
1051 4055 1289 4144 actamquae
1313 4044 1352 4120 in
1368 4043 1496 4124 codice
1520 4045 1738 4122 observatur
1763 4043 1946 4124 scribendi
1970 4044 2179 4146 proprietas
2197 4045 2243 4122 ab

667 4168 731 4246 illo
747 4181 916 4272 tempore
932 4195 1168 4272 nequequam
1185 4173 1378 4264 abhorret3
1405 4197 1491 4248 uam
1516 4195 1602 4248 cum
1624 4171 1796 4250 labentis¹
1808 4171 2037 4252 litteraturae
2060 4172 2245 4276 pemulta

667 4296 803 4375 indicia
818 4297 964 4392 habeat,
991 4325 1015 4373 a
1039 4299 1276 4377 barbarismis
1293 4298 1390 4378 veris
1416 4325 1498 4376 eam
1522 4299 1631 4401 plane
1655 4299 1855 4376 immunem
1880 4315 1960 4378 esse
1984 4298 2081 4376 infru
2105 4298 2244 4376 videbi·

667 4451 750 4500 mus
767 4434 806 4502 et
822 4426 973 4502 omnino
991 4426 1044 4502 ita
1061 4437 1324 4530 comparatam,
1350 4437 1488 4504 uttam
1512 4426 1550 4504 in
1566 4426 1663 4504 veris
1681 4453 1793 4528 quom
1815 4426 1854 4502 in
1878 4426 1981 4506 falsis
1999 4425 2137 4528 optime
2155 4449 2243 4506 con·

826 4693 857 4774 ¹)
878 4693 1446 4774 cf.1c0niime.cua1.p..xx111=
1465 4689 1670 4758 ‘Diocletiana
1689 4704 1788 4756 aetate
1807 4693 1909 4756 littam
1929 4707 1945 4756 s
1966 4701 2036 4773 poet
2055 4709 2078 4754 Ν
2099 4693 2243 4773 geminari

665 4795 776 4876 ‘coepit
795 4817 832 4859 ac
854 4797 963 4860 deinde
989 4797 1136 4860 soflcmne
1155 4816 1273 4876 semper
1292 4797 1350 4860 tait
1369 4803 1560 4877 actaeona·
1584 4815 1686 4869 anum,
1707 4811 1821 4857 conss·
1845 4795 1921 4856 duos
1941 4795 2080 4880 consules
2101 4795 2242 4871 indicare,

667 4895 858 4979 ‘quamquam
878 4900 957 4960 hauc
977 4899 1112 4982 regulam
1134 4899 1282 4960 artificum
1303 4898 1453 4977 imperitia
1473 4914 1564 4976 saepe
1578 4891 1730 4975 neglexit?
1772 4899 1853 4956 Ante
1868 4883 2086 4960 Diocletianum
2102 4895 2242 4958 consules

668 5007 810 5062 notantur
829 5001 926 5062 tribus
947 5001 1011 5062 tera
1030 5000 1139 5061 litteris
1161 5015 1248 5080 cos,
1269 5017 1338 5060 raro
1360 5017 1414 5059 nec
1435 4998 1495 5058 nisi
1514 4997 1603 5058 tertio
1624 4997 1747 5058 saecqu
1769 5005 1912 5076 quatuor
1933 5009 2031 5060 cons·

825 5097 856 5181 ²)
877 5101 957 5164 Vide
977 5121 1056 5182 quae
1076 5101 1157 5164 intra
1178 5101 1418 5162 observabuntur
1437 5099 1477 5162 ad
1497 5097 1567 5160 Liv.
1587 5097 1637 5158 111
1659 5099 1708 5160 65.
