5138 6518
1835 515 1906 588 181

338 719 426 798 liam
452 719 542 799 abiit
569 719 705 798 omissa
720 717 1011 822 praeposition03
1037 734 1105 796 nec
1121 715 1337 818 magistrum
1361 715 1528 818 equitum
1543 710 1586 792 L.
1605 713 1842 818 Tarquinium
1869 719 1905 810 3,

330 853 397 943 tt,
425 872 436 922 7
458 883 502 918 =
520 876 557 951 p.
587 853 645 942 17,
670 856 705 918 ts
736 845 992 924 commutarim
1017 845 1055 922 in
1080 842 1122 922 L.
1150 842 1377 946 Tarquitium
1402 857 1556 948 propter
1586 843 1704 921 fastos
1730 842 1905 946 Capitoli·

335 1003 416 1070 nos,
448 977 582 1079 quibus
607 975 645 1051 in
670 975 879 1052 universum
906 1001 930 1052 a
953 973 1102 1076 Sigania
1135 972 1222 1048 inde
1246 973 1399 1050 nimium
1423 971 1536 1048 tribui
1562 972 1730 1048 existimo
1755 971 1793 1048 in
1820 971 1904 1050 crisi

334 1104 497 1181 liviana.
548 1107 601 1180 At
625 1103 812 1207 pleraque,
846 1127 941 1203 quae
967 1101 1046 1179 seni
1075 1098 1198 1176 iudicii
1222 1099 1450 1202 grammatici
1480 1099 1519 1174 in
1543 1099 1704 1176 Liuianis
1730 1111 1906 1200 corrupta

334 1231 598 1324 iudicaverunt,
617 1257 692 1308 nan
708 1241 906 1331 propterea
921 1229 1107 1306 vindicata
1123 1238 1242 1321 crunt,
1264 1229 1365 1330 quod
1381 1227 1537 1304 totidem
1552 1227 1684 1304 litteris
1701 1228 1907 1329 perscripta

335 1359 506 1461 leguntur
530 1359 569 1436 in
595 1357 809 1435 Veronensi.

486 1485 642 1587 Propria
667 1511 762 1586 quae
786 1484 899 1560 habet
923 1482 1156 1577 Veronensis,
1182 1483 1255 1560 elia
1279 1483 1378 1560 bona
1402 1494 1499 1576 sant,
1530 1483 1602 1559 alia
1625 1483 1723 1560 mala
1747 1508 1815 1560 nec
1840 1509 1903 1560 ne·
1913 1509 2299 1576 complantaremur„

335 1613 415 1716 gari
446 1615 584 1716 poterit
606 1613 645 1689 in
671 1613 857 1714 plerisque
882 1611 1027 1690 vincere
1056 1610 1147 1688 haec
1175 1609 1573 1712 Nicomachianumque
1602 1611 1784 1704 codicem,
1815 1611 1901 1687 licet
1955 1615 2000 1654 ¹¹⁹¹
2018 1601 2076 1653 ’Μ
2094 1601 2258 1654 veronna

335 1769 410 1818 non
442 1741 524 1842 ipso
560 1741 714 1833 utimur,
750 1741 816 1817 sed
851 1738 1119 1840 exemplaribus
1153 1738 1242 1832 eius,
1274 1749 1312 1815 et
1342 1739 1415 1816 fide
1453 1749 1492 1816 et
1527 1737 1714 1840 diligentia
1738 1739 1902 1841 aliquan-

335 1880 416 1944 tum
441 1879 629 1972 praestare
654 1867 868 1944 Veronensi.
922 1864 994 1958 Qui
1020 1891 1130 1965 quem
1161 1864 1308 1968 scripsit
1338 1866 1492 1969 pulchre
1520 1867 1637 1968 magis
1669 1893 1780 1968 qnam
1810 1870 1903 1944 bene

334 1995 480 2096 quoties
504 1994 667 2097 peccarit
690 1993 837 2096 1888818
868 1992 1067 2086 inscitiam,
1102 2019 1177 2070 non
1209 2019 1304 2096 opus
1337 2005 1395 2071 est
1427 1992 1551 2072 midtis
1584 1995 1781 2096 exagitare,
1819 2021 1902 2072 cum

332 2123 435 2226 ipsae
466 2122 618 2200 huiusce
650 2121 819 2198 editionis
848 2120 1030 2222 margines
1060 2119 1240 2198 infelicem
1271 2121 1457 2198 hominem
1495 2121 1584 2200 satis
1622 2123 1835 2224 castigarint
1865 2136 1903 2200 et

334 2249 398 2351 qai
423 2250 523 2327 volet
548 2275 715 2327 errorum
744 2248 870 2350 copiae
901 2249 987 2324 inde
1018 2259 1144 2350 petere
1169 2248 1288 2350 possit
1317 2260 1356 2325 et
1385 2249 1417 2326 si
1449 2249 1514 2350 qui
1544 2261 1654 2326 erant
1684 2251 1901 2328 mendorum

333 2388 539 2470 venatores,
558 2377 669 2453 etiem
686 2375 804 2454 iustos
820 2375 967 2452 ordines
984 2400 1113 2452 earum
1132 2374 1201 2452 sibi
1219 2387 1426 2453 contexere.
1470 2377 1602 2456 Missos
1619 2377 1732 2480 igitur
1748 2379 1901 2456 fecimus

333 2503 427 2580 tales
445 2529 600 2597 errores,
627 2504 754 2605 quales
780 2513 867 2580 sunt
893 2505 927 2595 9,
946 2513 982 2574 ts
1008 2501 1107 2580 ce'rca
1123 2528 1192 2605 pro
1213 2501 1318 2595 clani
1350 2508 1407 2598 14,
1429 2525 1444 2576 8
1471 2517 1536 2580 8777
1558 2502 1634 2581 iam
1650 2532 1720 2607 pro
1738 2519 1899 2598 anotam3

336 2635 395 2723 16,
409 2640 444 2702 78
471 2644 644 2733 oeperunt
666 2657 775 2734 877887
796 2656 867 2732 pro
892 2655 998 2732 ceper
1013 2655 1200 2732 nmquam
1228 2633 1290 2725 39,
1304 2650 1339 2704 aa
1366 2631 1411 2710 ab
1438 2657 1481 2709 88
1503 2658 1574 2735 pro
1600 2632 1643 2709 ab
1659 2657 1757 2725 eam3
1786 2637 1846 2726 58,
1865 2643 1900 2706 ts

334 2754 521 2836 87878888
537 2784 606 2860 pro
624 2759 676 2834 ad
698 2784 830 2851 varena
859 2762 919 2850 97,
938 2779 973 2830 78
1000 2755 1097 2860 pand
1118 2755 1295 2860 iniquiore
1317 2786 1386 2862 pro
1412 2785 1481 2862 qao
1506 2757 1548 2836 id
1571 2759 1753 2862 aequiora
1782 2765 1895 2854 100„

333 2911 358 2962 8
390 2884 656 2963 continuatione
687 2913 758 2988 pro
788 2913 812 2962 a
841 2884 1079 2978 8887888887
1125 2890 1209 2977 101,
1238 2900 1271 2958 76
1301 2885 1366 2962 adi
1395 2883 1568 2964 Camillus
1598 2889 1802 2966 8887878787
1829 2915 1900 2992 pro

333 3013 515 3106 88878787,
545 3018 629 3106 107,
648 3024 684 3088 ta
710 3021 779 3116 qna
806 3014 857 3090 ad
879 3011 1037 3090 Ardeam
1061 3011 1137 3088 8787
1158 3040 1228 3115 pro
1254 3011 1376 3116 quand
1399 3012 1539 3091 Ardeae
1564 3013 1646 3090 8787.
1700 3013 1773 3092 Sed
1799 3017 1901 3117 quod

297 3239 301 3248 .
332 3141 391 3216 vel
416 3141 454 3217 in
479 3141 537 3218 his
563 3152 718 3243 apparet
741 3140 904 3218 studium
927 3151 1103 3243 corrupte
1131 3141 1190 3217 vel
1218 3167 1293 3218 non
1326 3141 1511 3220 intellecta
1542 3141 1596 3218 ita
1629 3143 1824 3236 formandi,
1860 3155 1901 3220 ut

332 3271 445 3346 verba
472 3279 571 3344 certe
596 3268 800 3346 efficiantur
824 3266 967 3360 Latina,
999 3278 1041 3344 ut
1064 3267 1187 3370 ipsum
1211 3268 1486 3371 interpolationi
1514 3269 1723 3371 proximum
1749 3281 1816 3364 est,
1847 3270 1902 3347 ita

332 3395 412 3474 aliis
446 3395 538 3473 locis
577 3407 615 3471 et
648 3395 813 3498 plurimis
857 3395 1005 3497 quidem
1041 3397 1089 3471 od
1126 3421 1252 3472 veram
1290 3395 1611 3498 interpolationem
1655 3399 1898 3500 degeneravit

331 3523 487 3602 Rariora
512 3535 551 3600 et
574 3523 825 3622 exquisitiora,
851 3549 946 3624 quae
971 3522 1142 3600 librarius
1171 3549 1246 3600 non
1268 3535 1533 3625 assequeretur,
1561 3524 1735 3602 audacius
1759 3525 1900 3604 nescias

332 3677 379 3726 an
413 3649 571 3753 ineptius
603 3651 820 3744 immutavit,
856 3660 898 3726 ut
923 3655 1013 3744 4,78
1039 3648 1124 3727 beili
1152 3648 1244 3728 87888
1269 3651 1457 3728 substituit
1481 3678 1550 3753 pro
1577 3651 1661 3728 delii
1681 3679 1754 3746 ran
1783 3657 1844 3746 78,
1864 3663 1897 3726 et

330 3776 532 3855 8778788787
556 3805 625 3880 pro
650 3791 793 3870 8887887
826 3781 886 3872 99,
904 3799 937 3850 87
966 3803 1092 3854 anuas
1115 3802 1186 3879 pro
1214 3790 1346 3870 tenem3
1389 3781 1449 3872 99,
1469 3799 1502 3850 75
1527 3777 1593 3854 7717
1616 3779 1659 3856 de
1684 3778 1818 3882 Spurio
1841 3807 1898 3858 re-

332 3903 417 4006 lipio
443 3919 496 3982 887
517 3932 587 4007 pro
611 3904 677 3981 7717
699 3903 826 4006 despui
846 3903 972 4006 relipio
998 3918 1063 3998 887,
1090 3903 1249 3982 maxime
1281 3931 1414 3983 exosus
1446 3906 1597 4008 propria
1628 3916 1666 3982 ct
1697 3907 1896 4004 sollemnia,

330 4043 373 4108 ut
398 4036 459 4125 35,
477 4053 513 4106 aa
539 4057 586 4108 ex
611 4029 791 4132 aqitednns
814 4031 903 4110 fecit
924 4031 1033 4133 aazia
1062 4035 1123 4124 97,
1143 4047 1180 4104 76
1205 4058 1274 4135 pro
1290 4032 1556 4134 poeniuntiben
1572 4031 1748 4111 8717777888
1773 4035 1896 4112 cedere

329 4159 459 4236 maluit
480 4157 676 4260 petentibus
700 4157 876 4236 8787778788
901 4161 1017 4252 edera
1051 4163 1111 4252 98,
1130 4177 1163 4232 77
1193 4160 1399 4260 7898811888
1424 4161 1588 4264 corrupit
1613 4160 1651 4237 in
1677 4162 1751 4263 lepe
1776 4162 1896 4263 adaip-

329 4313 429 4364 nare.
481 4287 616 4364 Tribus
641 4287 732 4364 locis
755 4284 873 4387 7817877
893 4287 1112 4365 vocabulum
1144 4286 1181 4362 in
1207 4285 1351 4364 Livium
1383 4287 1507 4365 intulit
1538 4288 1593 4366 bis
1618 4315 1688 4392 pro
1715 4289 1806 4366 87878
1834 4294 1894 4383 51,

331 4435 375 4490 sa.
404 4417 465 4506 94,
488 4436 515 4507 7,
547 4413 695 4490 tertium
719 4441 789 4516 pro
816 4412 954 4490 71877878
990 4417 1049 4508 69,
1076 4423 1123 4508 ts,
1155 4423 1198 4489 ut
1226 4413 1313 4491 alibi
1341 4419 1400 4508 69,
1420 4425 1455 4487 te
1479 4414 1595 4492 778788
1623 4416 1754 4494 maluit
1784 4445 1894 4520 quam

204 4563 212 4585 ·
328 4540 543 4641 irn‘eann1).
602 4541 701 4618 Alibi
736 4540 898 4618 conditae
933 4539 1122 4641 relipionee
1153 4541 1255 4620 dedit
1285 4569 1354 4644 pro
1383 4541 1510 4644 paaite‘s
1547 4544 1631 4636 108,
1652 4557 1704 4638 76,
1741 4557 1894 4622 contem·

328 4693 414 4746 nere
446 4695 516 4771 pro
551 4669 776 4770 aspernatio
813 4672 898 4763 118,
918 4689 964 4763 aa,
997 4681 1180 4770 reportare
1211 4696 1282 4771 pro
1306 4670 1493 4771 resnendo
1522 4675 1555 4764 l,
1574 4685 1602 4763 6,
1627 4670 1798 4772 7818777778
1823 4699 1894 4774 pro

485 4893 515 4975 ¹)
537 4897 649 4959 &adin
668 4899 751 4975 qnod
770 4898 881 4959 ibidem
901 4907 949 4960 est
968 4917 1024 4978 pro
1045 4903 1158 4974 8777878,
1179 4918 1240 4960 non
1260 4907 1322 4960 7887
1342 4899 1470 4960 88871118
1491 4901 1609 4961 videtur
1629 4901 1758 4962 orationi
1778 4901 1894 4962 illatam

327 5015 418 5076 qaam
438 4998 630 5078 adsumptam
651 5017 690 5059 ex
711 5017 800 5060 versu
822 5011 973 5079 seqamte,
994 5009 1027 5061 nt
1046 4999 1184 5063 similiter
1204 5003 1254 5074 85,
1268 5019 1296 5062 a
1316 5004 1452 5062 7778787787
1473 5003 1616 5083 scriptum
1638 5013 1685 5064 est
1710 5021 1765 5083 pro
1783 5003 1896 5081 plat-tae

326 5097 395 5162 ideo
416 5099 498 5178 qaod
516 5101 591 5162 illud
611 5119 682 5162 mox
703 5101 789 5162 redit.
