5138 6518
656 502 729 574 208

656 725 823 803 quaeque
848 703 970 777 littera
996 700 1141 790 eminet,
1168 699 1205 774 in
1228 699 1396 778 Palatino
1421 700 1459 776 in
1486 700 1604 776 tribus
1631 699 1768 777 chartis
1795 727 1841 778 ex
1868 713 2045 802 quattuor
2070 713 2232 780 tuntum-

654 831 766 904 modo
790 828 925 931 prioris
948 829 1103 930 paginae
1129 828 1252 904 littera
1276 827 1406 928 primu.
1458 827 1602 904 Deinde
1631 827 1669 903 in
1695 827 1882 905 vocabulis
1909 828 2120 906 dirimendis
2147 855 2232 908 oum

653 957 692 1032 in
710 957 911 1033 Veronensi
930 955 1274 1056 deprehenderimus
1290 954 1349 1031 ins
1355 953 1511 1057 pecore,
1529 951 1599 1058 incl
1610 954 1760 1032 metire
1776 957 1828 1055 (v.
1840 982 1877 1057 p.
1890 958 1990 1055 164),
2008 956 2047 1031 in
2064 954 2231 1033 Palatino

654 1096 711 1160 est
740 1088 772 1176 1,
792 1083 856 1156 5516
881 1080 1077 1187 luitpertus,
1106 1085 1141 1176 7,
1174 1084 1220 1155 tls
1246 1081 1432 1185 inlrtrurit.
1490 1081 1767 1184 Orthogruphiu
1801 1108 1884 1159 cum
1919 1083 1957 1158 in
1991 1081 2159 1160 Palatino
2193 1083 2232 1159 in

656 1210 865 1286 universum
895 1221 960 1285 out
985 1213 1113 1287 endem
1138 1211 1186 1286 sit
1212 1220 1276 1284 unt
1300 1211 1424 1312 paullo
1451 1207 1694 1302 emendatior,
1730 1221 1853 1286 tumen
1887 1235 2031 1311 semper
2063 1209 2115 1286 ibi
2142 1211 2231 1288 scri-

655 1338 756 1414 bitur
781 1334 957 1438 Ponpeius
982 1341 1017 1428 2,
1037 1354 1082 1411 56.
1103 1357 1148 1414 59.
1178 1340 1213 1430 3,
1234 1345 1344 1412 inii.
1399 1335 1569 1438 Denique
1595 1337 1706 1412 etiam
1731 1338 1871 1415 formae
1895 1336 2100 1414 litterarum
2127 1338 2230 1414 diffe-

656 1477 755 1557 runt,
783 1491 877 1567 quae
899 1465 937 1539 in
954 1464 1123 1541 Palatino
1141 1465 1324 1566 quadratu
1341 1475 1397 1544 est
1413 1464 1523 1540 etium
1540 1463 1578 1539 in
1595 1463 1727 1540 litteris
1745 1463 1781 1540 D
1800 1475 1838 1540 et
1854 1463 1945 1563 E¹);
1972 1465 2061 1541 item
2076 1465 2231 1542 lineolae

658 1619 752 1694 quse
777 1593 874 1668 vices
899 1593 989 1669 facit
1012 1591 1156 1668 litterae
1173 1593 1211 1668 M
1228 1593 1287 1668 vel
1301 1590 1336 1668 N
1352 1601 1530 1693 punctum
1548 1590 1780 1693 suppositum
1802 1592 1876 1688 ¹etsi
1892 1618 1967 1667 non
1985 1577 2230 1693 expressimus

656 1720 727 1796 nisi
754 1720 817 1795 ubi
839 1718 898 1794 vel
915 1719 1025 1795 hodie
1043 1729 1143 1796 certo
1163 1730 1326 1822 apparet,
1352 1729 1475 1794 tamen
1494 1719 1582 1795 olim
1599 1719 1718 1794 ubivis
1739 1719 1911 1820 (excepto
1930 1745 2004 1795 uno
2022 1720 2105 1796 loco
2121 1723 2156 1812 2,
2178 1722 2229 1819 re)

656 1847 769 1924 luisse
786 1846 901 1922 videri
919 1846 1129 1947 Kruegerus
1156 1846 1357 1922 adnotavit.
1401 1844 1525 1922 Simile
1548 1857 1728 1947 punctum
1754 1847 1915 1923 cernitur
1940 1847 2051 1922 etism
2076 1847 2113 1922 in
2136 1845 2228 1924 Gaio

657 1973 860 2050 Veronensi
886 1985 922 2049 et
947 1973 984 2048 in
1012 1973 1161 2075 digestis
1184 1971 1417 2056 Florentinis.

748 2217 777 2296 ¹)
811 2218 982 2298 Speoiminc
995 2239 1072 2297 quse
1087 2219 1225 2280 dicuntur
1239 2219 1405 2298 scripturae
1419 2216 1563 2279 Livianae
1577 2217 1692 2281 adiectu
1707 2219 1739 2279 in
1753 2219 1932 2281 editionibus
1946 2219 2084 2281 Romans
2103 2239 2130 2280 c.
2149 2221 2225 2281 1773

656 2330 687 2383 et
710 2320 781 2382 inde
806 2321 933 2399 repetite
953 2321 1105 2400 Lipsiensi
1130 2339 1208 2381 cum
1224 2340 1244 2380 s
1263 2319 1400 2381 Lirimis
1425 2319 1643 2382 intellexissem
1668 2321 1768 2383 cliens
1794 2339 1877 2395 esse,
1910 2321 2108 2401 interrogatus
2134 2322 2171 2383 de
2192 2341 2228 2381 es

656 2441 690 2483 re
722 2421 897 2501 Kruegerus
929 2423 1083 2500 rescripsit
1108 2423 1256 2500 pertinere
1282 2422 1523 2501 adscripturum
1548 2423 1744 2500 posteriorem
1769 2424 1880 2484 codicis
1900 2423 1952 2496 itu,
1981 2431 2015 2484 ut
2035 2423 2109 2484 ordo
2130 2423 2156 2484 is
2177 2425 2228 2500 qui

657 2525 762 2603 incipit
782 2542 914 2596 cumps
937 2524 1089 2604 legaturt’.
1105 2523 1163 2595 78¹,
1185 2523 1261 2584 ulter
1280 2524 1426 2602 incipiens
1447 2522 1558 2596 Αδδες
1578 2525 1600 2586 f.
1616 2523 1674 2585 75¹.
1708 2524 1793 2585 Hsec
1812 2525 1904 2606 igitur
1923 2523 2034 2584 addent
2054 2526 2105 2602 qui
2128 2525 2228 2586 volent

658 2625 850 2686 collectaneis
873 2624 909 2684 de
924 2623 1146 2684 incredibilibus
1160 2623 1390 2705 philologorum.
1401 2658 1442 2670 —
1463 2623 1577 2686 Contra
1591 2623 1826 2686 Niebuhrisnum
1842 2627 2005 2703 scripturae
2027 2625 2175 2703 specimen
2196 2625 2227 2684 in

657 2727 827 2788 universum
849 2727 975 2804 probum
996 2733 1043 2787 est
1062 2735 1093 2786 et
1112 2723 1212 2786 fidum.
