5138 6518
663 553 733 624 178

713 752 892 854 recepturo
913 749 1113 852 primitiva.-
1242 750 1422 852 scripturo·
1439 752 1642 827 mandata:
1742 747 1939 852 scripturae
1960 749 2146 852 primitiva
2172 765 2206 826 et

1755 880 1945 955 emendata
1970 876 2197 956 coniunctae:

663 1041 721 1126 60,
742 1057 772 1106 31
802 1035 890 1110 mihi
908 1035 1082 1108 diuturna
1095 1061 1168 1108 non
1240 1059 1350 1134 quam
1363 1033 1452 1108 mihi
1473 1033 1645 1110 diuturna
1723 1061 1832 1134 quam
1850 1033 1940 1109 mihi
1966 1035 2137 1108 diuturna
2154 1059 2229 1112 nou

801 1162 946 1264 placere
964 1159 1163 1263 imperiaV
1290 1189 1364 1236 non
1390 1161 1561 1263 placeant
1581 1163 1695 1264 impe·
1773 1163 1942 1264 placeant
1959 1187 2000 1236 re
2023 1161 2176 1263 imperia
2189 1161 2238 1235 M

1293 1289 1349 1364 ria
1366 1287 1426 1363 PL

665 1425 723 1512 66,
744 1441 777 1490 ss
804 1420 852 1494 ad
879 1444 988 1516 quarn
1023 1417 1170 1518 publico
1242 1415 1304 1518 [ad
1323 1443 1432 1515 quarn
1450 1443 1642 1493 consense·
1724 1419 1771 1492 ad
1799 1443 1909 1516 quam
1935 1429 2193 1492 consenserant

792 1572 980 1650 consensu
996 1555 1174 1619 venerant
1292 1556 1377 1620 rant
1402 1546 1553 1621 consilio
1578 1572 1646 1647 pu·
1776 1545 1927 1620 consilio
1962 1545 2110 1645 publico
2146 1571 2232 1620 con·

801 1671 886 1748 VPL
1294 1673 1388 1748 blico
1395 1673 1424 1772 l]
1775 1697 1883 1748 sensu
1901 1683 2077 1747 venerant
2094 1669 2143 1745 M

666 1807 723 1892 78,
744 1825 770 1872 ιι
795 1801 991 1902 aliquando
1009 1801 1158 1875 fuerunt
1244 1801 1455 1900 [aliquando
1474 1801 1608 1876 incide·
1725 1801 1920 1899 aliquando
1938 1799 2144 1875 inciderunt
2156 1800 2233 1873 fue·

804 1927 888 2003 VPL
1293 1927 1393 2026 runt]
1777 1939 1864 2003 runt
1881 1927 1930 2000 M

667 2061 725 2147 80,
746 2069 780 2127 st
806 2083 875 2132 nos
894 2057 991 2131 intra
1009 2055 1041 2128 V
1244 2055 1349 2130 nobis
1375 2055 1473 2131 iutra-
1490 2053 1563 2129 ML
1728 2083 1795 2131 nos
1811 2055 1868 2130 bis
1888 2055 1985 2130 intra
2002 2056 2036 2128 P

667 2190 761 2276 87,6
787 2183 829 2258 L.
844 2183 1058 2283 Verginium
1079 2181 1111 2254 V
1243 2181 1284 2257 P.
1304 2183 1516 2284 Verginium
1533 2183 1568 2257 P
1728 2182 1767 2258 P.
1786 2181 1828 2257 L.
1846 2181 2059 2282 Verginium
2077 2179 2150 2255 ML

667 2314 726 2386 93.
747 2315 796 2386 94
819 2311 1037 2413 Sappinates
1050 2307 1148 2384 VML
1244 2309 1448 2411 Salpinates
1466 2308 1568 2385 PML
1718 2305 1781 2386 'sal
1808 2309 2017 2410 sappinates
2031 2307 2085 2400 M,
2099 2305 2234 2408 salppi-

646 2455 673 2484 ·'
714 2477 716 2480 ·
1779 2437 1960 2512 natesP⁰.
1991 2434 2047 2535 Cs.
2067 2435 2168 2535 infra
2186 2434 2236 2508 ad

1779 2563 1812 2639 t.
1835 2567 1856 2639 l.

673 2701 753 2784 100,
775 2716 807 2764 15
835 2719 1029 2794 arcemque
1062 2693 1177 2769 solam
1248 2693 1456 2792 [arcemque
1473 2693 1603 2792 totam]
1729 2715 1922 2792 arcemque
1931 2702 2047 2766 totam
2058 2688 2233 2778 solamM,

832 2819 888 2895 VL
1644 2851 1647 2858 ·
1779 2845 1899 2896 arcem
1913 2832 2103 2919 totamque
2120 2818 2235 2894 solam

1781 2949 1815 3022 P
1914 2935 1919 2945 .

674 3081 792 3169 102st
817 3103 886 3178 pro
912 3075 1025 3153 tantis
1045 3073 1104 3149 VP
1246 3075 1328 3176 [pro
1346 3072 1498 3171 Latinis]
1729 3103 1798 3176 pro
1811 3075 1922 3150 tantis
1936 3101 2004 3176 pro
2017 3074 2156 3150 Latinis
2164 3071 2236 3147 Mt

821 3281 929 3374 Quod
956 3280 987 3356 si
1011 3289 1110 3356 recte
1128 3279 1375 3356 Veronensem
1402 3279 1559 3354 diximus
1585 3305 1608 3354 a
1633 3279 1925 3356 Nicomachianis
1952 3279 2091 3379 origine
2119 3278 2236 3357 diver·

668 3437 749 3485 sum
777 3435 867 3502 esse,
895 3407 958 3484 ubi
983 3407 1022 3481 hi
1049 3419 1115 3482 aut
1144 3408 1474 3482 contaminatorum
1499 3407 1697 3483 lectionum
1724 3409 1880 3484 duarum
1905 3406 2059 3506 vestigia
2083 3431 2172 3508 prae
2198 3431 2236 3480 se

668 3539 790 3612 ferunt
816 3546 880 3611 aut
906 3560 1034 3610 eorum
1060 3533 1218 3609 familiae
1243 3535 1339 3609 inter
1364 3560 1403 3610 se
1430 3534 1664 3627 dissentiunt,
1697 3561 1777 3609 eam
1803 3534 1997 3609 lectionem
2023 3545 2087 3608 aut
2111 3559 2236 3609 veram

669 3689 748 3739 esse
767 3673 916 3764 oportet
934 3671 998 3736 aut
1024 3689 1046 3735 a
1070 3687 1159 3736 vera
1184 3662 1352 3762 proxime
1379 3661 1590 3754 seiunctam,
1618 3661 1676 3738 cui
1703 3661 1883 3737 calculum
1900 3661 2034 3737 adiciat
2050 3659 2236 3736 Veronen-

669 3791 734 3881 sis3
762 3815 915 3890 eamque
942 3788 1257 3864 ratiocinationem
1284 3789 1501 3864 confirmant
1526 3816 1638 3890 supra
1663 3789 1769 3864 relati
1798 3790 1871 3864 loci
1901 3789 1954 3863 ita
1987 3787 2062 3863 fere
2090 3812 2237 3889 compa

669 3917 751 4009 rati,
780 3927 820 3992 ut
836 3917 1006 3993 binarum
1022 3915 1220 3991 lectionum
1233 3915 1601 3992 Nicomachianarum
1618 3942 1768 3992 cavera
1785 3942 1864 3992 esse
1882 3916 2097 4008 inveniatur,
2127 3942 2237 4015 quam

669 4046 802 4121 retinet
827 4044 1059 4120 Veronensis.
1117 4042 1226 4135 Quod
1252 4043 1283 4120 si
1309 4045 1452 4120 duobus
1479 4055 1578 4118 certe
1602 4043 1693 4121 locis
1721 4048 1781 4135 52,
1801 4064 1846 4118 17.
1876 4048 1936 4135 57,
1955 4065 1989 4120 59
2015 4044 2238 4120 contrarium

670 4171 817 4264 accidit,
851 4171 877 4245 ii
903 4172 951 4245 ad
975 4171 1092 4246 fastos
1118 4170 1304 4270 pertinent
1329 4183 1603 4272 potueruntque
1634 4199 1657 4248 a
1682 4171 1918 4272 grammatico
1950 4171 2083 4246 saeculi
2118 4171 2239 4269 quarti

671 4300 781 4375 etiam
807 4308 938 4374 contra
963 4297 1172 4399 exemplum
1198 4298 1384 4374 emendari
1411 4298 1488 4374 sive
1512 4298 1611 4373 facili
1638 4299 1848 4374 coniectura
1874 4285 1965 4389 sive,
1998 4300 2097 4396 quod
2123 4298 2238 4398 magis

671 4425 901 4518 crediderim,
946 4425 1111 4502 adhibito
1156 4427 1335 4502 fastorum
1378 4426 1501 4526 aliquo
1544 4426 1720 4502 laterculo
1765 4426 1990 4526 incorrupto.
2068 4425 2239 4500 Similiter

665 4555 734 4630 ubi
770 4554 990 4630 dissentiunt
1024 4554 1120 4628 inter
1154 4579 1192 4630 se
1225 4553 1310 4628 libri
1343 4554 1454 4653 pleni,
1490 4553 1711 4630 Veronensis
1746 4566 1844 4628 stare
1875 4554 1969 4630 solet
1998 4577 2082 4628 cum
2107 4577 2239 4652 genere

671 4682 837 4774 meliore,
892 4681 1052 4757 maxime
1090 4705 1174 4756 oum
1216 4681 1380 4756 Mediceo
1420 4681 1797 4779 Vormatiensiquel)‚
1855 4705 2009 4780 quorum
2062 4679 2239 4756 librorum

667 4809 845 4887 'lectiones
879 4810 1057 4909 quasdam
1096 4785 1297 4908 singulares
1334 4821 1372 4884 et
1402 4809 1522 4884 adhuc
1560 4831 1649 4909 prae
1689 4817 1893 4882 ceterorum
1924 4833 2103 4882 consensu
2139 4831 2240 4908 spre-

829 5035 856 5114 ¹)
878 5039 907 5110 9,
922 5057 947 5098 re
965 5055 1039 5114 paca
1055 5049 1145 5114 parta
1159 5038 1343 5100 Veronensis
1365 5047 1395 5098 et
1414 5037 1634 5098 vormatiensis
1655 5036 1854 5114 adstipulante
1867 5021 1969 5097 codice
1987 5035 2019 5098 S.
2035 5035 2138 5108 Marci,
2155 5045 2241 5113 parte

670 5159 742 5215 pace
764 5139 798 5210 P,
817 5150 907 5215 parta
924 5159 998 5216 pace
1018 5139 1092 5198 ML.
