5138 6518
1004 1281 1057 1376 T.
1086 1278 1244 1378 LIVII

889 1435 954 1514 ΑΒ
980 1437 1109 1516 uana
1137 1435 1356 1518 corona

1033 1595 1212 1659 L1B.xc1

560 1731 675 1808 Qvnlc
697 1730 948 1796 SVPERSVMT
968 1731 1016 1792 IN
1037 1731 1195 1795 comcc
1217 1732 1438 1796 vulcano
1459 1731 1690 1795 PALATINO.

1045 1915 1197 1936 -n-d-'u-

485 2081 721 2158 Livianorum
746 2081 931 2157 annalium
960 2082 1045 2159 libri
1069 2079 1154 2158 XOI
1184 2078 1357 2182 reliquias
1388 2093 1551 2158 servatas
1584 2082 1621 2158 in
1655 2081 1779 2158 codice
1805 2079 1906 2156 Vati·

337 2236 429 2288 caoo
446 2207 614 2285 Palatino
632 2236 667 2284 n.
684 2210 744 2300 24,
766 2209 883 2285 editas
900 2221 1023 2286 autem
1039 2221 1126 2313 post
1142 2207 1300 2286 Paulum
1315 2208 1491 2288 Iacobum
1507 2209 1628 2287 Bruns
1644 2210 1907 2312 (fragmentum

336 2364 383 2416 ex
408 2337 471 2413 lib.
497 2334 579 2414 xci
605 2335 842 2412 historiarum
868 2337 910 2412 T.
937 2335 1029 2412 Livi.
1056 2337 1263 2438 Hamburgi
1290 2340 1399 2413 1773.
1426 2338 1508 2436 fol.)
1538 2349 1576 2414 et
1599 2337 1728 2413 V1tum
1753 2336 1907 2412 Mariam

336 2463 615 2542 Giovenazzium
641 2461 796 2562 (Romae
817 2465 925 2556 1773,
952 2486 1029 2565 rep.
1055 2475 1208 2541 curante
1224 2465 1393 2541 Ernestio
1420 2466 1548 2541 eodem
1573 2487 1670 2540 anno
1689 2463 1835 2565 Lipsiae
1854 2465 1908 2564 8.)

337 2593 461 2669 codice
477 2589 664 2692 recognito
684 2615 707 2664 a
723 2587 923 2666 Mrebuhrio
949 2591 1015 2692 (M.
1035 2587 1146 2668 Tullii
1166 2585 1350 2669 Ciceronis
1378 2593 1585 2669 orationum
1602 2617 1671 2694 pro
1688 2589 1843 2667 Fonteio
1871 2602 1909 2667 et

335 2719 482 2796 Rabirio
495 2719 700 2818 fragmenta
712 2730 781 2795 cet.
796 2714 933 2794 Romae
950 2722 1046 2794 1820
1064 2747 1101 2820 p.
1117 2721 1294 2820 85-97)
1312 2745 1397 2796 cum
1408 2731 1561 2823 propter
1574 2745 1754 2796 summam
1771 2718 1906 2794 utrius·

336 2872 408 2948 que
433 2845 516 2922 libri
542 2843 814 2922 similitudinem
835 2845 943 2922 huius
960 2846 1224 2922 Veronensium
1242 2847 1458 2923 schedarum
1475 2847 1633 2949 exempli
1650 2873 1724 2923 non
1740 2846 1907 2922 inutilem

335 2973 578 3052 accessionem
599 2973 679 3046 fore
703 2971 973 3065 intellexissem,
1000 2973 1090 3072 petii
1115 2976 1162 3050 ab
1188 2975 1304 3050 amico
1326 2973 1465 3050 Romae
1490 2976 1586 3051 forte
1611 2977 1766 3074 degente
1790 2971 1906 3049 Paulo

335 3101 523 3202 Krucgero
548 3100 628 3175 iure
653 3099 834 3190 consulto,
863 3125 972 3200 quem
998 3099 1176 3176 eiusmodi
1199 3101 1347 3202 negotio
1372 3101 1593 3205 perficiendo
1619 3113 1658 3178 et
1673 3127 1800 3203 parem
1827 3125 1906 3176 esse

334 3255 464 3307 noram
495 3238 532 3303 et
565 3235 750 3328 paratum,
795 3238 838 3303 ut
869 3226 1002 3303 librum
1036 3238 1225 3305 excuteret
1255 3229 1405 3304 tertium
1441 3229 1721 3331 exemplumque
1757 3239 1907 3331 pararet

334 3353 585 3433 huiuscemodi
611 3353 760 3430 editioni
796 3365 934 3454 aptum.
990 3353 1097 3446 Quod
1130 3355 1191 3431 ille
1224 3356 1380 3433 libenter
1413 3367 1602 3457 receptum
1635 3355 1788 3458 impigre
1820 3381 1904 3457 per·

195 3545 197 3550 ,
334 3485 437 3574 fecit,
470 3508 543 3557 non
574 3481 923 3557 medicamentorum
949 3507 1018 3556 usu
1042 3483 1201 3576 adiutus,
1231 3509 1255 3558 a
1280 3509 1355 3584 quo
1381 3484 1503 3561 nescio
1530 3511 1642 3586 quam
1677 3485 1725 3559 ob
1756 3508 1904 3559 causam

334 3610 629 3687 intercluduntur
652 3608 760 3709 plane
787 3609 850 3710 qui
867 3608 1081 3685 Vaticanum
1105 3609 1365 3686 bibliothecam
1391 3611 1596 3713 explorant,
1623 3613 1688 3687 sed
1714 3611 1905 3688 oculorum

335 3739 413 3815 acie
436 3737 576 3812 intenta
602 3735 767 3837 meisque
793 3737 839 3812 de
865 3736 1016 3837 singulis
1048 3735 1137 3813 locis
1164 3737 1439 3837 quaestionibus
1471 3751 1509 3814 et
1539 3739 1830 3840 temptamentis,
1864 3749 1906 3812 ut

335 3865 428 3942 solet
452 3865 488 3940 in
516 3862 693 3938 eiusmodi
715 3863 860 3964 negotio
879 3863 1054 3940 divinatio
1076 3863 1270 3940 lectionem
1293 3890 1367 3941 non
1386 3877 1463 3942 tam
1480 3865 1654 3966 subsequi
1671 3891 1782 3967 quam
1799 3889 1905 3968 prae·

333 4005 488 4070 vertere.
541 3988 599 4065 Ita
625 4013 720 4090 quae
746 3990 923 4084 eruimus,
957 3991 1018 4069 hio
1050 4004 1307 4093 proponuntur
1337 3991 1479 4068 adiecta
1502 3993 1658 4071 lectione
1691 3994 1905 4095 priorum1)

336 4131 498 4210 eatenus,
526 4127 706 4218 quatenus
731 4117 926 4193 utilitatem
943 4118 1078 4194 habere
1094 4117 1174 4194 visa
1198 4130 1265 4211 est,
1292 4119 1431 4196 scilicet
1448 4132 1492 4197 ut
1509 4121 1599 4221 quid
1614 4121 1904 4224 praestiterimus

333 4246 404 4322 hac
425 4245 562 4322 'iterata
589 4244 855 4344 recognitione,
890 4245 1031 4321 facilius
1064 4257 1102 4321 et
1136 4245 1270 4322 certius
1301 4247 1606 4348 deprehendatur.

486 4370 663 4449 (lodicum
687 4370 844 4448 Palatini
878 4383 916 4448 et
947 4371 1167 4450 Veronensis
1199 4398 1341 4449 summa
1373 4373 1572 4450 similitudo
1606 4400 1690 4453 oum
1715 4389 1901 4478 appareat,

333 4513 457 4577 tamen
482 4525 556 4574 non
582 4524 626 4574 ea
651 4510 718 4591 est,
745 4509 787 4574 ut
812 4499 972 4599 cogitare
996 4500 1115 4600 possis
1141 4501 1188 4576 de
1204 4500 1367 4600 reliquiis
1393 4501 1559 4603 utrisque
1581 4504 1629 4578 ad
1649 4503 1746 4578 idem
1770 4503 1903 4604 integri

333 4627 498 4730 corporis
524 4624 667 4702 Liviani
693 4625 899 4728 exemplum
923 4627 1151 4702 revocandis.
1203 4625 1298 4703 Nam
1331 4629 1506 4704 differunt
1538 4629 1633 4705 inter
1664 4629 1735 4704 alia
1759 4630 1903 4707 litterae

334 4755 371 4831 in
389 4753 568 4856 principio
592 4753 790 4829 eminentes
808 4777 863 4845 eo,
891 4755 991 4854 quod
1016 4753 1054 4828 in
1077 4753 1280 4831 Veronensi
1306 4755 1529 4856 singularum
1553 4757 1768 4858 paginarum
1784 4758 1904 4859 prima

423 5005 451 5084 ¹)
483 5007 518 5065 H
539 5015 586 5066 est
610 5007 701 5068 editio
728 5005 980 5085 Hamborganais,
1005 5007 1036 5066 B
1057 5007 1194 5068 Romana
1213 5005 1416 5084 Giovenaazii,
1443 5011 1479 5070 N
1492 5010 1706 5086 Niebuhriana,
1732 5011 1766 5072 K
1781 5013 1902 5073 collatio

333 5109 546 5188 Kruegeriana
