5138 6518
1821 565 1891 639 183

322 758 480 860 guribus,
508 757 578 834 nisi
604 760 705 858 quod
723 758 975 858 antiquissimo
993 785 1117 835 errore
1134 785 1217 834 cum
1234 760 1436 836 Veronensi
1463 787 1609 860 quoque
1627 765 1892 840 communicato

323 913 392 986 pro
421 886 705 988 publicueuocuti
732 886 865 986 legitur
888 886 1158 987 publicevocuti.
1211 891 1262 964 At
1287 889 1383 966 idem
1410 890 1631 966 Veronensis
1657 892 1751 966 mire
1775 892 1887 968 inter·

288 994 291 1006 ¹
322 1015 509 1116 poletione
536 1015 766 1090 enuntiatum
791 1015 843 1090 itu
870 1015 1103 1090 deformavit:
1135 1015 1250 1091 iussos
1341 1016 1580 1118 supplicatum
1605 1019 1657 1094 ire
1684 1020 1893 1094 auctoritate

318 1142 462 1244 publice
490 1155 612 1218 uocat:
651 1141 773 1217 ornuiu
805 1143 953 1218 delubra
983 1141 1167 1244 impleuut3
1209 1171 1439 1244 quamquam
1466 1146 1575 1220 etium
1613 1147 1730 1246 magis
1761 1148 1894 1222 mirum

322 1284 380 1347 est
402 1271 593 1346 inventum
620 1295 698 1346 esse
724 1271 788 1370 qui
812 1270 885 1346 hoe
910 1272 1131 1361 defenderet,
1168 1273 1272 1372 quasi
1297 1271 1421 1348 Livius
1451 1285 1528 1348 tom
1553 1274 1652 1348 inani
1677 1275 1894 1376 repetitione

325 1399 378 1474 uti
402 1399 576 1501 potuerit,
612 1411 652 1473 ut
677 1397 774 1473 cives
800 1409 876 1473 tem
902 1399 1114 1474 iuberentur
1140 1399 1343 1501 supplicare
1370 1427 1481 1501 qoam
1506 1402 1724 1478 auctoritate
1749 1403 1895 1504 publice

322 1529 370 1602 ed
396 1527 434 1602 id
460 1539 711 1602 evocarentur.
1190 1597 1193 1602 ,
1907 1529 1910 1536 ’

474 1680 511 1755 p.
532 1656 593 1746 30,
607 1673 643 1725 so
661 1653 724 1728 ubi
740 1654 887 1754 legitur:
909 1653 1030 1728 urbem
1047 1653 1223 1731 intrauere
1240 1656 1304 1731 sub
1321 1655 1433 1754 sepui's
1448 1657 1634 1758 mediaque
1650 1657 1737 1734 urbe
1755 1659 1895 1758 oqmine

326 1783 363 1856 tu
394 1779 607 1857 Auentinum
635 1793 808 1882 perquut,
839 1781 1060 1858 Veronensis
1101 1794 1187 1884 post
1219 1782 1360 1882 oqmiue
1390 1785 1516 1860 inserit
1545 1783 1717 1884 inperiti..
1751 1786 1895 1862 Scilicet

324 1911 582 2010 grammaticus
608 1935 682 1985 nen
706 1909 887 1985 intellexit
917 1909 992 1984 vim
1019 1910 1192 1986 orationis
1218 1937 1291 1987 non
1324 1912 1362 1985 in
1388 1938 1540 1988 numero
1566 1913 1791 2014 plebeiorum
1817 1915 1894 2001 niti,

325 2043 390 2116 sed
415 2041 452 2116 in
480 2038 711 2115 ordinatione
733 2036 893 2112 militari.

478 2170 574 2258 37,t
605 2167 759 2265 populus
790 2164 929 2240 iniussu
959 2177 993 2240 et
1023 2167 1132 2240 altero
1166 2165 1222 2241 die
1239 2167 1416 2267 frequens
1439 2166 1483 2241 iit
1512 2167 1820 2270 supplicatumque
1846 2183 1897 2244 est

327 2296 457 2396 reliqui
481 2295 576 2385 libri,
599 2291 730 2394 populi
742 2291 842 2366 iussu
868 2305 901 2366 et
926 2293 1036 2367 altero
1064 2291 1121 2368 die
1144 2293 1453 2395 supplicatumque
1471 2309 1522 2370 est
1537 2297 1769 2372 Veronensis.
1822 2297 1895 2372 Ex-

276 2447 281 2458 ·
326 2442 443 2501 treme
460 2449 527 2524 que
544 2434 596 2497 est
611 2421 706 2496 male
722 2419 864 2495 intrusa
883 2445 962 2496 esse
980 2422 1119 2495 dudum
1133 2435 1400 2523 perspexerunt
1418 2423 1486 2498 viri
1505 2424 1604 2500 docti
1617 2451 1736 2524 neque
1751 2425 1895 2500 defendi

326 2563 512 2654 poterunt,
540 2573 762 2650 quemquam
788 2548 861 2623 ism
883 2548 1125 2648 intellegimus
1152 2551 1294 2625 udieete
1311 2551 1401 2626 huee
1427 2575 1507 2626 esse
1525 2551 1777 2651 antiquissimo
1804 2564 1895 2628 tem·

328 2708 432 2784 pore3
461 2681 562 2780 prior
589 2689 712 2751 autem
738 2676 972 2776 interpolatio
998 2677 1148 2778 propris
1174 2689 1231 2753 est
1256 2678 1468 2754 Veronensi.

479 2813 593 2899 48,19
625 2805 813 2880 Rmuuuus
843 2803 982 2880 Ardeae
1019 2805 1179 2880 turbatus
1214 2804 1384 2881 seditione
1414 2832 1472 2881 res
1571 2805 1775 2906 omnposuit.
1838 2807 1897 2881 Sie

326 2951 425 3016 recte
450 2938 523 3013 iarn
547 2934 632 3010 libri
651 2933 865 3023 deteriorem
893 2944 932 3007 ot
958 2933 1086 3033 optimi
1104 2933 1241 3032 quique
1267 2959 1312 3008 ex
1330 2933 1621 3009 Nicomachianis
1647 2959 1715 3035 pro
1741 2934 1898 3010 tiirbotus

327 3069 464 3143 hebent
495 3063 635 3139 turbata
664 3063 776 3162 idque
806 3061 926 3161 ipsum
955 3071 1011 3134 est
1041 3061 1150 3136 etiem
1184 3061 1221 3135 in
1251 3059 1451 3136 Veronensi
1488 3061 1679 3137 omittente
1708 3075 1899 3164 praeterea

327 3223 383 3272 res
409 3207 446 3271 et
470 3219 537 3296 pro
565 3190 704 3266 Ardeae
730 3193 839 3264 dente
867 3186 1003 3279 Ardea,
1035 3187 1126 3264 illud
1153 3213 1239 3262 essu
1266 3188 1412 3290 opinor,
1444 3189 1516 3264 hoc
1547 3215 1593 3264 ex
1617 3189 1897 3290 interpolatione

328 3323 600 3400 accommodata
626 3321 672 3394 ed
699 3319 868 3392 mendum
893 3315 1116 3417 primitivum
1141 3315 1311 3390 videlieet
1336 3315 1635 3416 antiquissimum.

479 3454 571 3540 49,1
610 3445 778 3524 Consules
803 3455 928 3520 creant
950 3443 1006 3518 Μ.
1036 3443 1187 3518 Fabium
1230 3442 1442 3518 Vibulanum
1472 3445 1680 3520 Postumum
1710 3443 1898 3520 Aebutium

330 3577 563 3658 Gomiciuem.
604 3575 662 3650 Ita
683 3571 973 3662 Nicomochiuni3
1001 3582 1040 3645 at
1057 3571 1292 3646 Veronensis:
1321 3574 1481 3647 emisules
1507 3586 1675 3648 creantur
1691 3571 1745 3646 M.
1767 3571 1899 3648 Fabius

327 3709 528 3784 Bibuluuus
545 3701 745 3779 Postumius
767 3699 819 3776 M.
839 3697 1007 3775 Aebutius
1025 3697 1200 3775 Cornicen
1219 3699 1491 3776 evidentissime
1504 3699 1795 3800 interpolatione,
1814 3727 1899 3776 num

327 3837 440 3912 Murci
465 3857 686 3936 praenomen
714 3831 830 3905 altero
856 3823 937 3904 loeo
964 3827 1137 3926 originem
1166 3827 1272 3902 duint
1297 3853 1345 3901 ex
1370 3827 1493 3902 littere
1517 3838 1681 3902 extrema
1703 3829 1899 3904 accusativi

327 3965 532 4040 Postumum
557 3960 652 4034 mule
669 3960 716 4032 ud
742 3957 1005 4032 nominativum
1030 3953 1198 4030 reducti.'
1222 3953 1342 4030 Ouusa
1358 3955 1601 4057 interpolendi
1618 3954 1764 4030 videtur
1788 3955 1899 4031 luisse

327 4091 494 4166 Postumi
517 4086 762 4190 praenominis
787 4083 1002 4184 ignorantie.

482 4221 542 4307 51,
560 4225 595 4284 ts
623 4215 673 4289 ud
698 4213 884 4288 leouudum
904 4209 1053 4310 publicu
1070 4235 1160 4286 curu
1177 4235 1369 4286 uuumtom.
1415 4209 1687 4287 Nicomachiuni
1713 4210 1796 4286 libri
1817 4235 1900 4286 eum

328 4347 490 4420 habeant
514 4345 589 4419 fere
609 4341 758 4443 publicu
783 4365 909 4415 citrum
926 4365 1083 4430 uuuouu,
1109 4338 1329 4414 Veronensis
1351 4338 1527 4438 gliscente
1543 4338 1822 4440 interpolatione
1848 4340 1899 4414 sic

331 4475 409 4548 det:
431 4471 615 4572 publicum
641 4493 767 4544 eurum
792 4491 949 4542 uuuouu.
996 4463 1226 4565 Quemquam
1252 4465 1288 4539 in
1318 4465 1519 4542 minoribus
1552 4466 1652 4542 hisee
1688 4478 1725 4541 et
1759 4493 1782 4541 u
1814 4493 1899 4568 pro·

329 4599 521 4676 nuntiandi
563 4597 660 4672 vitiis
695 4595 938 4697 pendentibus
988 4593 1171 4670 erroribus
1211 4593 1421 4670 difficillime
1456 4595 1548 4669 fines
1586 4597 1764 4694 reguntur
1805 4594 1900 4668 inter

328 4753 545 4804 eonsensum
572 4749 666 4816 eum,
695 4747 804 4822 quem
830 4747 936 4797 casus
961 4721 1069 4812 fecit„
1086 4734 1124 4796 et
1149 4745 1196 4796 ex
1222 4722 1422 4823 archetypo
1447 4733 1702 4823 propagatum.

483 4857 542 4946 52,
565 4877 597 4927 m
622 4849 663 4925 L.
683 4849 868 4925 Mibucius
878 4850 1086 4950 praesectum
1112 4875 1278 4926 auuouue
1301 4875 1364 4925 seu
1388 4851 1543 4950 resectus
1566 4875 1630 4926 seu
1729 4848 1769 4924 iu
1784 4847 1899 4925 mcer-

329 4995 404 5058 tum
429 4993 580 5057 creatis.
625 4979 685 5054 Sic
710 4989 809 5054 reete
835 4977 965 5076 reliqui
988 4977 1087 5067 libri3
1114 4975 1333 5055 Veronensis
1360 5003 1443 5053 cum
1467 5005 1537 5080 pro
1562 4979 1715 5078 resectus
1742 4977 1900 5053 dedisset

324 5110 541 5210 praelectus,
563 5108 771 5210 praefectus
797 5129 963 5220 uuuouue
989 5105 1053 5206 qui
1076 5107 1264 5206 praecedit
1286 5105 1423 5182 ibidem
1447 5107 1567 5182 factus
1593 5115 1650 5182 est
1667 5118 1826 5206 praetor.
