5138 6518
1846 533 1916 606 195

343 734 501 812 retinent
527 732 677 810 videant
707 758 753 810 ne
783 729 857 832 ipse
882 731 984 832 quod
1017 729 1184 831 sequitur
1214 757 1288 806 non
1322 731 1457 810 habeat
1481 731 1541 810 aui
1567 733 1657 810 satis
1681 736 1914 835 respondeat,

343 888 427 940 cum
460 861 616 938 lectione
653 863 700 938 sd
735 860 983 938 Veronensem
1018 859 1176 936 formata
1215 869 1314 939 reete
1355 873 1590 960 opponantur
1631 862 1843 938 consulatus
1878 874 1918 936 et

342 1015 507 1090 regnum
553 987 725 1066 Getarum
743 987 807 1088 qui
824 986 895 1062 hoc
913 987 1097 1089 probabit,
1123 987 1222 1064 hunc
1246 986 1370 1064 locum
1388 988 1502 1064 addat
1524 1013 1671 1064 necesse
1688 1002 1746 1064 est
1770 989 1825 1081 iis,
1856 990 1917 1065 ubi

344 1117 504 1194 deterius
535 1115 573 1190 in
600 1115 809 1192 universam
834 1113 1203 1190 Nicomachisnorum
1229 1113 1405 1190 librorum
1431 1139 1546 1214 genus
1572 1115 1713 1192 meliori
1739 1128 1914 1217 praestat.

494 1242 547 1319 IV
577 1245 670 1334 13‚r
696 1269 732 1346 p.
754 1245 848 1333 52,³
880 1239 921 1316 id
949 1267 1062 1318 uuum
1093 1239 1241 1341 da'puum
1274 1253 1371 1320 tauto
1406 1255 1587 1343 apparatu
1624 1242 1854 1320 contunsa
1884 1256 1917 1318 et

343 1369 536 1448 certamine
567 1371 664 1472 quod
686 1367 811 1470 iupem
837 1369 1084 1446 eamdcndum
1116 1379 1204 1448 essct
1224 1367 1431 1469 praemium
1450 1369 1550 1468 sore.
1604 1370 1664 1448 Sic
1694 1371 1915 1446 Veronensis

344 1497 531 1576 stabiliens
565 1497 813 1576 coniecturam
846 1523 870 1572 a
900 1495 1096 1596 philologis
1130 1496 1356 1587 bominibus,
1395 1497 1459 1596 qui
1494 1498 1642 1597 quidem
1683 1499 1762 1576 sani
1793 1499 1915 1574 iudicii

343 1637 476 1718 essent,
504 1627 643 1700 dudum
669 1635 864 1725 receptam,
893 1649 977 1698 narn
1002 1623 1087 1700 libri
1113 1623 1280 1724 vulgares
1307 1623 1472 1700 scribunt
1499 1623 1743 1702 certaminum.

495 1751 547 1828 IV
576 1755 635 1844 13,
659 1773 676 1824 5
702 1778 739 1853 p.
760 1753 821 1844 52,
846 1759 882 1824 at
924 1775 1000 1828 reru
1031 1763 1236 1850 coopertam
1268 1751 1318 1825 ad
1350 1763 1511 1828 amatam
1549 1752 1665 1851 desert
1695 1751 1914 1832 Veronensis

344 1880 494 1982 optime,
530 1904 616 1956 cum
640 1877 914 1956 Nicomacbiani
938 1877 1064 1978 legant
1087 1879 1207 1976 refert.
1259 1877 1363 1954 Illam
1388 1879 1584 1956 lectionem
1610 1891 1809 1980 postquam
1836 1880 1914 1954 ido·

343 2031 454 2084 neum
479 2017 665 2084 auctorem
683 2017 793 2084 nacta
818 2016 876 2082 est
900 2029 974 2080 non
1002 2005 1072 2080 erit
1095 2005 1227 2108 opinor
1244 2005 1331 2105 quin
1349 2007 1493 2106 probet.
1534 2005 1694 2083 Praeivit
1710 2007 1914 2107 Madvigius

342 2136 442 2237 apud
466 2133 677 2234 Ussingium
703 2161 740 2233 p.
758 2131 878 2208 XXIIr
902 2132 1152 2235 ‘probabiliter
1186 2131 1298 2210 editio
1326 2131 1494 2210 Curionis
1521 2133 1657 2233 darei.

494 2260 548 2336 IV
577 2263 634 2354 13,
653 2280 687 2330 12
714 2287 760 2368 p..
772 2262 831 2352 53,
851 2279 882 2332 ar
910 2284 948 2340 re
973 2257 1181 2336 dictatorem
1212 2257 1254 2337 L.
1284 2257 1489 2346 Qurbcmm
1522 2261 1718 2338 dicturam:
1753 2260 1914 2338 animum

337 2413 467 2490 parem
493 2401 613 2466 tautae
631 2386 801 2490 potestati
823 2411 906 2464 ease.
958 2387 1056 2465 Ante
1085 2387 1247 2464 animum
1278 2389 1379 2487 quod
1403 2388 1570 2465 inserunt
1598 2389 1683 2466 libri
1708 2389 1840 2490 reliqui
1864 2388 1917 2464 ibi

343 2518 496 2596 abesto
522 2516 734 2610 Veronensi,
761 2526 860 2592 recte
885 2515 1054 2592 fortasse.

494 2643 546 2719 IV
575 2647 670 2736 14‚6
695 2670 732 2745 p.
752 2646 862 2736 aaa
888 2640 978 2718 baec
1002 2667 1084 2720 eum
1108 2640 1361 2740 remeantem
1386 2643 1574 2722 adsecutus
1599 2641 1718 2721 Alata
1743 2643 1913 2722 Serm'lius

343 2771 534 2848 attremat
561 2795 808 2872 rerpmmmque
841 2795 969 2848 cruore
988 2826 997 2844 .
1013 2825 1047 2845 ..
1068 2767 1239 2846 dictatori
1268 2767 1460 2846 rmuatiat.
1514 2769 1622 2864 Quod
1656 2772 1799 2848 addunt
1829 2773 1913 2849 libri

343 2897 620 2978 Nicomacbiani
645 2895 848 2976 chaumati
871 2908 958 2998 post
983 2921 1120 2990 muare,
1148 2898 1332 2997 eleganter
1357 2897 1578 2976 Veronensis
1605 2897 1753 2976 omittit.

495 3025 546 3102 IV
575 3029 634 3118 17,
655 3049 667 3098 r
696 3052 734 3127 p.
755 3030 815 3117 55,
836 3033 869 3096 rt
898 3021 1195 3100 Fidenae...ad
1217 3021 1362 3100 Lartem
1380 3022 1611 3100 Tolumnium
1640 3023 1832 3104 Veientium
1857 3052 1913 3104 re·

341 3179 423 3254 pem
441 3154 611 3254 deserere.
651 3151 763 3254 Quod
778 3163 865 3254 post
881 3175 1001 3250 sepem
1017 3152 1159 3228 addunt
1170 3150 1446 3228 Nicomachiani
1462 3163 1497 3227 et
1513 3149 1676 3246 Vetera,
1695 3178 1739 3230 5ο
1756 3154 1913 3232 libenter

343 3281 559 3360 carebimus.

495 3408 547 3484 IV
574 3412 634 3500 17,
654 3428 669 3478 5
696 3434 733 3508 p.
753 3412 813 3498 55,
832 3426 867 3478 eo
892 3406 994 3482 Inter
1014 3405 1156 3506 legatos
1181 3433 1205 3482 a
1219 3405 1457 3484 Fidenatibus
1481 3405 1692 3484 interfectos
1709 3407 1774 3508 qui
1795 3411 1912 3487 nomi·

343 3547 453 3614 natur
469 3533 624 3635 Spurius
646 3533 806 3615 Nauna
827 3533 946 3610 Plinio
972 3533 1010 3612 b.
1037 3559 1073 3612 n.
1100 3534 1161 3626 34,
1183 3535 1217 3624 6,
1237 3551 1283 3626 aa,
1317 3534 1417 3634 apud
1440 3532 1654 3613 Ciceronem
1679 3533 1853 3639 (Philipp.
1875 3542 1909 3628 9,

344 3665 379 3756 2,
398 3665 432 3762 r)
458 3663 592 3740 dicitur
609 3662 672 3764 Sp.
690 3659 820 3740 aaa
844 3662 897 3760 (et
918 3659 1104 3762 sperantio
1121 3659 1224 3758 Vat.)
1251 3661 1415 3760 itemque
1440 3661 1540 3762 apud
1563 3660 1709 3742 Liviam
1734 3663 1806 3744 hoc
1827 3664 1910 3765 loco

342 3791 499 3870 testibus
519 3789 822 3868 Nicomachianis.
866 3790 919 3864 At
944 3788 1044 3889 quod
1069 3788 1107 3864 in
1128 3785 1328 3865 Veronensi
1352 3787 1487 3888 legitur
1504 3787 1717 3888 spuantium
1731 3847 1739 3864 .
1755 3846 1764 3866 .
1781 3789 1910 3868 iuter·

333 3919 515 4018 secemat,
542 3941 626 3994 cum
644 3915 822 3993 eiusmodi
839 3915 975 3992 codicis
993 3915 1184 3991 librarium
1200 3915 1264 3990 rix
1282 3915 1454 3992 credibile
1480 3914 1529 3992 sit
1544 3913 1667 4018 Spurii
1686 3943 1911 4019 praenomen

342 4046 460 4124 tribus
484 4044 612 4146 primis
637 4043 769 4123 litteris
794 4043 1017 4144 expressisse
1046 4067 1233 4143 perverse,
1263 4041 1364 4120 haud
1394 4042 1470 4118 scio
1501 4068 1549 4119 an
1582 4044 1694 4121 ducat
1722 4047 1769 4122 sd
1795 4046 1911 4148 ipsam

344 4171 500 4250 nominis
525 4171 682 4248 formam
698 4169 913 4262 Plinianam,
941 4181 983 4246 ut
998 4169 1192 4246 metathesi
1217 4169 1479 4248 elementorum
1501 4167 1653 4251 aarum
1675 4173 1831 4254 evaserit
1848 4177 1912 4275 qni

343 4323 423 4378 esse
449 4299 607 4375 debebat
630 4295 800 4376 Nautius.
858 4295 966 4378 Certe
998 4321 1123 4374 veram
1157 4321 1236 4374 esse
1270 4296 1369 4376 illam
1403 4307 1560 4390 constat,
1594 4323 1668 4376 non
1699 4311 1777 4377 tam
1812 4307 1912 4402 quod

342 4425 563 4506 Nautiorum
587 4451 676 4526 gens
707 4424 842 4502 clarior
870 4424 981 4524 longe
1012 4434 1050 4500 et
1078 4423 1259 4500 vetustior
1285 4434 1342 4500 est
1364 4424 1493 4518 Antia,
1525 4451 1636 4524 quam
1663 4428 1765 4527 quod
1790 4429 1912 4530 Spurii

344 4578 565 4654 praenomen
597 4551 789 4654 proprium
821 4563 878 4628 est
902 4549 1132 4630 Nautiorum.
1186 4549 1258 4644 Qui
1291 4562 1415 4628 autem
1447 4551 1586 4630 factum
1621 4551 1679 4646 sit
1714 4566 1756 4630 ut
1785 4557 1911 4634 similis

344 4680 553 4782 corruptela
577 4679 753 4758 insederit
777 4689 854 4758 tam
879 4677 918 4754 in
943 4676 1038 4756 Livii
1062 4678 1274 4755 recensione
1298 4677 1583 4759 lircomscbiana
1608 4705 1719 4781 quam
1744 4682 1781 4760 in
1809 4683 1910 4762 Cice-

343 4807 505 4886 ronianis
547 4805 650 4884 libris
694 4831 788 4907 quos
827 4805 1021 4897 habemus,
1054 4831 1143 4880 num
1182 4805 1292 4887 liceat
1339 4806 1501 4906 cogitare
1542 4808 1589 4886 de
1628 4808 1910 4911 interpolatione

344 4934 564 5018 scholastica
595 4933 633 5008 in
672 4945 869 5033 utramque
899 4932 1115 5034 scriptorem
1146 4931 1285 5033 pariter
1319 4945 1501 5034 grassata,
1540 4935 1714 5014 definient
1743 4939 1807 5038 qui
1846 4941 1910 5020 ali·

344 5063 494 5163 quando
521 5062 608 5136 data
633 5085 747 5162 opera
771 5060 818 5136 de
844 5085 888 5136 ea
912 5085 952 5136 re
979 5069 1166 5160 quaerent

1591 5187 1659 5266 Yn
