5174 6524
421 1947 445 2004 V
475 1947 569 2007 codex
591 1946 785 2006 bibliothecae
807 1947 980 2026 capitularis
1004 1945 1186 2008 Veronensis
1208 1967 1236 2004 n.
1253 1949 1301 2006 to.

414 2052 525 2111 sicubi
548 2052 704 2129 adscripsi,
730 2052 760 2110 in
782 2072 814 2112 re
834 2052 983 2131 praesenti
1006 2051 1147 2111 adnotavi
1169 2051 1280 2111 codicis
1296 2051 1479 2112 Veronensis
1502 2053 1678 2129 scripturam
1694 2071 1762 2112 vere
1784 2054 1825 2112 ita
1847 2071 1912 2114 osse
1934 2063 1967 2112 ut

473 2157 608 2216 refertur.

429 2263 444 2320 Ρ
474 2263 613 2334 litterum,
635 2265 684 2322 oui
706 2263 822 2340 signum
845 2263 1067 2341 superpositum
1089 2271 1144 2336 est,
1165 2262 1277 2323 indicet
1298 2263 1419 2322 dubiam
1441 2280 1516 2322 esse.

416 2362 451 2430 'K'
475 2376 505 2426 et
532 2367 640 2426 similia
665 2367 833 2444 significant
859 2367 1017 2438 lineolam
1042 2385 1103 2446 qua
1133 2377 1392 2445 repraesentantur
1413 2368 1443 2426 in
1466 2368 1524 2426 line
1552 2387 1656 2428 versus
1683 2369 1798 2428 litterae
1819 2389 1846 2428 m
1867 2368 1914 2428 vel
1937 2389 1965 2438 ιι,

472 2475 531 2532 iant
554 2491 613 2532 non
634 2474 714 2532 cerni
736 2471 865 2550 quidem,
887 2471 940 2532 sed
960 2490 1050 2550 posse
1071 2473 1212 2534 adfuisse.

429 2583 439 2638 l
473 2579 602 2637 litterum
624 2577 735 2637 indicat
756 2578 912 2638 excidisse.
957 2578 1098 2655 Plerique
1119 2587 1218 2638 autem
1240 2579 1340 2638 hiatus
1360 2579 1482 2638 indicati
1505 2590 1574 2638 sunt
1595 2598 1653 2638 non
1677 2578 1800 2656 virgulis
1824 2579 1885 2650 his,
1912 2579 1964 2638 sed

474 2683 593 2742 insertis
615 2702 690 2758 quaa
712 2684 887 2742 exciderunt
907 2684 1015 2743 litteris
1036 2684 1133 2742 forma
1155 2683 1282 2743 diversa.

420 2789 456 2847 Μ
473 2788 567 2848 codex
589 2787 740 2846 Medioeus
763 2787 869 2864 (Laur.
890 2789 963 2866 plut
986 2787 1104 2865 63,19)
1126 2806 1203 2848 saec.
1226 2789 1270 2847 XI
1292 2789 1328 2847 ad
1351 2789 1424 2848 haee
1446 2807 1523 2866 quac
1544 2789 1658 2848 edintus
1679 2788 1777 2848 denuo
1798 2789 1964 2867 recognitus

474 2911 540 2951 nien
561 2911 652 2951 causa
672 2910 691 2950 a
710 2892 747 2951 R„
771 2891 928 2953 Schoellio.
972 2893 1065 2980 Varia
1092 2893 1182 2952 lectio
1208 2893 1297 2953 datur
1322 2895 1451 2972 integra,
1479 2893 1537 2954 nisi
1565 2894 1643 2972 quod
1670 2912 1729 2952 noa
1755 2893 1964 2952 adnotavimus

474 3015 529 3056 neo
550 2997 781 3073 orthographica
800 3017 856 3058 neo
877 3000 1001 3058 minoris
1016 2999 1157 3057 momenti
1179 3016 1294 3058 errores
1317 2999 1480 3077 scripturae
1495 3001 1609 3076 primse
1630 3000 1660 3058 in
1682 3001 1747 3077 ipso
1769 2999 1844 3057 libro
1866 3017 1964 3056 ernen-

472 3103 573 3161 dstos:
594 3101 722 3178 denique
743 3103 985 3180 interpolationes
1008 3122 1113 3164 manns
1134 3103 1282 3164 secundae
1305 3103 1442 3162 consulto
1463 3105 1551 3164 omisi
1572 3122 1685 3164 omnes.

418 3209 447 3266 P
471 3208 565 3268 codex
588 3191 744 3266 Porisinus
767 3207 809 3284 (ιι.
833 3207 928 3286 5725)
950 3227 1028 3269 saec.
1050 3209 1080 3268 X
1101 3209 1263 3268 secundnm
1285 3208 1473 3268 collationem
1495 3208 1768 3268 Alschefskiansm.

418 3313 447 3371 L
473 3312 568 3372 codex
589 3310 746 3371 Leidensis
769 3313 863 3392 (publ.
879 3313 945 3372 Lat
961 3313 1012 3372 sol.
1028 3335 1056 3372 n.
1073 3313 1091 3373 6
1107 3316 1146 3384 Α,
1166 3311 1404 3372 Drakenborchii
1426 3313 1555 3392 primns)
1578 3335 1596 3372 a
1617 3333 1663 3372 me
1685 3331 1839 3374 excussus.
1870 3313 1964 3372 Varis

472 3419 560 3477 lectio
581 3416 668 3478 datur
688 3417 778 3493 plena
799 3419 936 3478 similiter
956 3437 991 3478 ao
1014 3418 1147 3478 Medicei.

409 3523 459 3580 ΔΨ
474 3535 528 3582 cet.
550 3521 662 3581 codicis
683 3521 807 3582 Medioei
830 3532 885 3582 cet.
906 3524 1003 3601 prima
1024 3525 1181 3600 scriptura.

406 3625 525 3688 lltcet.
548 3629 658 3688 codicis
680 3629 807 3689 Medicei
828 3638 883 3688 oet
905 3629 1053 3706 scriptura
1073 3647 1113 3688 ax
1135 3628 1338 3688 emendatione
1360 3639 1440 3688 nuta.

422 3733 447 3792 0
470 3734 587 3794 codices
610 3735 698 3794 llPL
719 3735 946 3796 eonsentientes.

871 4021 1274 4032 ffl—
1304 4021 1357 4028 ——·—
