5138 6518
1250 735 1304 790 333
1322 733 1483 794 tractatus
1500 723 1761 814 philosophicus.

1251 825 1305 878 333
1322 815 1479 882 Euclides
1496 813 1618 882 Latine
1635 816 1753 885 factus.

1251 915 1304 968 tat
1322 905 1440 972 Livius
1457 904 1555 972 huius
1574 903 1625 972 ed.
1644 929 1678 994 p.
1694 920 1736 971 33.
1751 920 1794 970 11.

1251 1005 1304 1057 333
1322 994 1481 1062 Euclides
1498 994 1619 1062 Latine
1636 995 1754 1064 133333.

1241 1095 1305 1211 (aaa
1322 1085 1440 1152 Livius
1458 1083 1557 1154 huius
1575 1084 1626 1153 33
1643 1108 1676 1173 p.
1689 1098 1735 1150 34.
1747 1097 1792 1151 aa.

1252 1185 1306 1237 343
1378 1212 1401 1225 -
1504 1212 1528 1225 -
1590 1188 1818 1262 -p.roo.aa.

1252 1274 1304 1326 343
1322 1263 1480 1332 Euclides
1498 1264 1619 1331 Latine
1636 1264 1754 1333 factus.

1252 1365 1305 1416 343
1323 1353 1441 1422 Livius
1458 1352 1557 1421 huius
1575 1353 1627 1420 ad.
1646 1377 1679 1440 p.
1695 1367 1738 1418 34.
1752 1367 1796 1419 33.

1252 1453 1306 1506 343
1324 1442 1481 1511 Euclides
1498 1442 1619 1511 Latine
1636 1445 1755 1512 fectus.

1252 1543 1306 1596 344
1323 1542 1485 1600 tractatus
1502 1531 1761 1621 philosophicus.

818 1723 924 1800 Folia
948 1723 1062 1824 igitur
1088 1748 1183 1824 quae
1214 1725 1362 1824 quidem
1395 1724 1640 1827 antiquiorem
1671 1725 1891 1828 scripturam
1922 1725 2083 1801 habeant
2113 1735 2245 1802 extant

669 1851 801 1930 CXXV
826 1863 1088 1930 connumerata
1111 1849 1244 1930 lacinia
1270 1877 1365 1953 quae
1389 1864 1558 1954 superest
1582 1863 1670 1955 post
1693 1851 1864 1946 131335,
1892 1878 2051 1954 quorum
2069 1851 2244 1930 foliorum

667 1979 829 2058 Livianis
853 1978 1017 2080 reliquiis
1042 1989 1272 2080 occupantur
1287 1980 1664 2080 numerosexaginta,
1690 1979 1909 2082 Vergilianis
1934 2007 2048 2057 unum
2074 1990 2113 2057 et
2138 1979 2243 2081 quin·

291 2133 382 2188 3333
400 2133 427 2184 n
446 2130 534 2183 3333
552 2129 644 2197 porra
673 2107 865 2210 quaginta,
897 2117 982 2184 3333
1008 2105 1281 2208 philosophico,
1314 2133 1381 2182 sex
1415 2107 1675 2184 mathematico
1705 2117 1880 2184 tractatu.
1936 2107 1996 2184 llx
2024 2106 2083 2184 313
2114 2105 2243 2209 Vergi-

668 2233 766 2312 liana
801 2245 1010 2312 tractarunt
1045 2233 1207 2311 carmina
1235 2233 1472 2328 Ribbeckius‚
1514 2235 1580 2314 sed
1615 2245 1659 2312 33
1690 2261 1770 2311 rem
1805 2262 1882 2312 non
1913 2232 2113 2312 absolverit
2150 2245 2189 2312 et
2219 2261 2244 2310 3

667 2389 893 2440 venenorum
927 2389 996 2438 333
1021 2361 1229 2464 prohibitus
1259 2372 1298 2438 et
1330 2363 1509 2465 temporis
1542 2374 1734 2466 praeterea
1775 2361 1953 2464 angustiis
1984 2361 2183 2464 impeditus
2193 2362 2242 2460 ¹),

668 2490 809 2568 scholia
838 2490 1001 2591 Angelus
1030 2489 1149 2567 Maius
1179 2490 1333 2590 (1818),
1364 2490 1546 2568 Henricus
1570 2489 1711 2598 Keilius
1742 2489 1895 2590 (1848),
1931 2490 2118 2566 Arnoldus
2148 2488 2244 2564 Her·

667 2619 884 2716 mannusl);
923 2599 1099 2694 Euclides
1127 2642 1151 2693 3
1182 2643 1222 2693 33
1256 2616 1440 2720 descripta
1477 2615 1681 2695 Gulielmus
1714 2615 1942 2694 Studemund
1979 2642 2068 2696 mox
2103 2614 2244 2718 publici

668 2744 758 2822 iuris
783 2745 908 2836 faciet3
935 2743 1179 2846 philosophus
1205 2745 1325 2822 adhuc
1350 2744 1446 2821 iacet
1470 2771 1546 2822 non
1572 2745 1789 2847 exscriptus.
1840 2743 1994 2822 Liviana
2019 2755 2142 2821 autem
2167 2742 2243 2846 pri·

668 2899 751 2949 mus
778 2871 999 2949 examinavit
1023 2870 1190 2948 Blumius
1222 2871 1454 2974 indicemque
1483 2871 1656 2950 foliorum
1687 2871 1790 2950 dedit
1817 2872 2011 2974 diligenter
2033 2873 2174 2950 factum
2204 2870 2243 2946 in

668 3025 796 3077 museo
821 2999 1000 3076 Rhenano
1030 2999 1104 3074 331.
1132 3001 1155 3074 3
1182 3026 1216 3074 3.
1247 3003 1343 3076 1328
1369 3027 1406 3102 p.
1427 3002 1501 3076 336
1528 3025 1606 3102 seq.
1638 3001 1702 3102 (cf.
1728 2999 1869 3076 itineris
1893 2998 2012 3076 Italici
2036 3011 2064 3076 t
2096 3003 2129 3092 1,
2154 2999 2242 3073 363.

669 3133 706 3222 4,
736 3130 825 3227 189)
853 3154 927 3203 333
952 3153 1036 3205 cum
1062 3125 1260 3228 specimine
1284 3127 1408 3203 variae
1432 3126 1600 3204 lectionis
1631 3126 1838 3230 pertinente
1868 3127 2029 3204 maxime
2060 3127 2108 3202 ad
2134 3125 2244 3201 huius

669 3257 727 3331 ed.
753 3282 791 3357 p.
813 3258 872 3331 19.
917 3254 1009 3332 Ρο33
1034 3280 1117 3329 eum
1143 3253 1243 3331 Detl.
1259 3254 1495 3334 Detlefsenus
1520 3255 1648 3334 codice
1673 3255 1806 3356 denuo
1821 3254 2032 3332 examinato
2055 3253 2092 3329 in
2119 3251 2244 3330 Philo·

668 3383 745 3484 logi
769 3381 843 3458 331.
861 3381 948 3458 XIV
973 3407 1006 3457 a.
1029 3383 1125 3457 1369
1151 3381 1306 3483 paginas
1328 3382 1420 3459 duas
1445 3382 1571 3483 (huius
1597 3385 1655 3459 ed.
1671 3407 1709 3484 p.
1729 3383 1764 3458 3.
1785 3382 1838 3482 7.)
1864 3382 2057 3483 diligenter
2082 3378 2244 3482 31333313)-

669 3521 728 3586 tas
745 3506 943 3610 proposuit
958 3507 1127 3610 exemplo
1144 3509 1427 3613 lithographico.
1463 3499 1649 3612 ¹Denique
1665 3511 1711 3588 A.
1731 3507 1776 3586 G.
1795 3507 1933 3612 Zumpt
1948 3507 2244 3611 quattuordecim

670 3637 807 3715 codicis
837 3635 980 3738 paginis
1006 3635 1199 3738 descriptis
1229 3637 1267 3712 in
1300 3636 1611 3714 commentatione
1633 3637 1695 3714 ‘de
1718 3635 1956 3714 Livianorum
1972 3636 2166 3712 ’113333333-
2188 3635 2244 3711 in·

670 3763 869 3866 scriptione
887 3773 925 3840 et
941 3762 1069 3841 codice
1084 3763 1338 3865 antiquissimo
1356 3765 1573 3844 Veronensi’
1599 3763 1778 3864 (Berolini
1798 3767 1906 3840 1859.
1926 3765 1981 3864 4.)
2006 3765 2099 3842 duas
2117 3789 2243 3840 earum

670 3891 785 3968 edidit
814 3891 941 3991 (133133
965 3892 1022 3968 ed.
1048 3917 1086 3993 p.
1111 3894 1146 3966 9.
1174 3893 1266 3993 16),
1296 3892 1521 3994 reliquarum
1551 3890 1676 3968 variae
1704 3891 1873 3988 lectionis
1904 3891 2104 3993 specimina
2128 3891 2242 3984 dedit,

670 4019 829 4120 denique
869 4018 1089 4120 exemplaris
1127 4018 1185 4095 sui
1223 4019 1478 4121 apographum
1508 4019 1678 4114 Veronae
1716 4018 1867 4121 reliquit
1898 4019 2040 4120 optimo
2077 4017 2242 4111 consilio,

670 4158 713 4223 ut
748 4146 812 4247 qui
848 4145 1019 4246 deinceps
1052 4145 1216 4224 codicem
1250 4157 1495 4224 retractarent
1527 4145 1590 4224 illo
1627 4132 1899 4223 adiuvarentur.
1962 4144 2133 4224 Ceterum
2165 4157 2243 4222 tam

668 4273 815 4379 Blumio
842 4300 953 4376 quam
982 4273 1197 4352 Detlefseno
1223 4284 1262 4351 et
1286 4285 1367 4351 arte
1390 4274 1511 4376 impar
1536 4285 1575 4350 et
1600 4273 1789 4376 diligentia
1817 4272 1943 4350 multis
1973 4272 2064 4382 locis
2095 4273 2241 4366 erravit,

670 4426 765 4502 quos
795 4426 938 4478 errores
969 4427 1055 4480 cum
1084 4401 1301 4504 plerumque
1332 4400 1446 4478 tacite
1477 4402 1718 4495 emendarim,
1751 4401 1812 4478 hic
1840 4404 2154 4503 praemonendum
2185 4413 2242 4478 est

670 4527 910 4631 Zumptianas
934 4529 1109 4606 lectiones
1136 4557 1158 4605 3
1182 4529 1273 4606 meis
1300 4529 1463 4606 diversas
1489 4529 1616 4607 omnes
1646 4529 1801 4608 reiectas
1832 4553 1911 4609 esse
1943 4529 2110 4606 examine
2139 4528 2243 4606 insti·

670 4666 752 4733 tuto
777 4657 816 4732 in
841 4680 894 4774 33Ι
908 4657 1106 4757 praesenti.

826 4899 856 4979 ¹)
878 4900 925 4964 Ol.
947 4903 1012 4962 eius
1033 4901 1247 4980 prolegomena
1267 4899 1441 4978 Vergiliana
1460 4921 1490 4980 p.
1507 4899 1576 4960 337.
2133 4967 2140 4980 .

826 4999 856 5080 ¹)
878 5002 928 5066 cf.
950 5002 1114 5065 Buecheler
1139 5003 1170 5062 in
1202 5001 1397 5063 3333131333.
1425 5021 1504 5062 novo
1533 5001 1581 5076 19,
1602 5000 1671 5064 639.
1719 4999 1894 5078 Recognitio
1921 5009 1985 5062 tota
2010 5001 2183 5080 propediem
2209 5009 2243 5061 ut

670 5103 774 5166 edatur
794 5115 943 5184 optemus.
