5138 6518
707 550 779 622 184

857 753 916 842 69,
940 771 971 822 ⁵1
1007 749 1179 824 tumultus
1209 773 1321 825 eausa
1344 745 1427 848 suit
1454 748 1675 825 Veronensis
1712 748 1954 852 interpolator
1983 751 2037 827 ita
2068 751 2275 826 immutavit

703 889 745 954 ut
769 879 873 954 fieret
899 877 1070 952 tumultur
1095 901 1226 952 causae
1242 876 1409 976 fueruat.
2144 897 2148 904 ·

854 1033 890 1106 p.
913 1008 972 1096 62,
991 1025 1025 1074 ss
1054 1001 1119 1080 (hu.
1146 1001 1260 1080 Iulius
1285 1001 1408 1082 Mento
1444 1005 1571 1081 consul
1597 1002 1800 1081 Veronensi
1840 1005 1974 1081 dieitur
1999 1003 2180 1082 Genucius
2208 1003 2271 1082 Ga.

703 1131 818 1208 Iulius
834 1132 968 1208 omisso
987 1131 1212 1232 cognomine,
1232 1133 1332 1232 quod
1350 1131 1459 1208 etiam
1477 1130 1759 1214 Cassiodoriana
1776 1144 1950 1233 excerpta
1966 1131 2071 1208 Livio
2088 1133 2273 1225 adserunt,

703 1262 833 1335 adsuto
861 1272 984 1335 autem
999 1259 1119 1360 primo
1137 1259 1295 1353 nomine,
1322 1261 1424 1360 quod
1441 1259 1618 1361 originem
1634 1259 1790 1336 traxisse
1806 1258 1953 1336 videtur
1978 1286 2023 1336 ex
2040 1261 2275 1361 praenomine

702 1389 797 1464 male
820 1387 977 1489 repetita
1003 1387 1065 1484 (uf.
1084 1413 1121 1488 p.
1145 1390 1213 1462 177
1234 1387 1340 1485 not).

853 1541 890 1616 p.
911 1518 971 1606 99,
991 1523 1026 1584 st
1052 1511 1117 1614 qui
1140 1515 1337 1614 legatorum
1361 1539 1491 1590 uomere
1520 1514 1722 1616 donataque
1747 1524 1782 1590 et
1803 1514 1907 1590 deum
1938 1512 2000 1589 oui
2020 1512 2217 1590 mitteretur
2241 1527 2276 1590 et

704 1641 792 1719 doni
806 1668 953 1718 causum
969 1639 1101 1718 veura
1120 1641 1174 1717 ita
1188 1642 1439 1742 pessumdedit
1462 1641 1715 1744 interpolator,
1744 1652 1784 1717 01
1798 1653 1886 1744 post
1901 1666 2049 1718 eausam
2072 1641 2275 1719 intruderet

702 1768 874 1870 coguovit.

850 1922 887 1999 p.
912 1900 972 1989 99,
995 1905 1014 1967 t
1041 1921 1132 1998 perae
1156 1921 1343 1972 ramorum
1367 1919 1488 1972 seeum
1503 1895 1679 1997 serenda,
1707 1921 1808 1998 quae,
1835 1895 1922 1998 quia
1952 1894 2043 1972 uires
2069 1897 2120 1972 ad
2143 1897 2268 1974 omnia

692 2025 853 2125 serenda
885 2025 1045 2117 deerunt,
1079 2022 1316 2124 relinquenda
1346 2036 1461 2101 essent
1488 2026 1727 2100 consultantes
1763 2023 1871 2102 simili
1909 2023 2191 2126 interpolatione
2221 2025 2274 2101 ita

701 2162 875 2255 corrupta
900 2151 1048 2228 suntin
1074 2150 1287 2244 Veronensi,
1316 2162 1356 2227 01
1381 2164 1415 2228 et
1439 2177 1529 2254 puae
1553 2151 1775 2228 insereretur
1800 2161 1885 2228 ante
1908 2149 2152 2254 relinquenda.

852 2306 889 2381 p.
911 2282 995 2371 109,
1014 2287 1051 2353 st
1076 2303 1142 2356 nea
1164 2278 1246 2380 pati
1273 2278 1362 2355 duee
1391 2278 1513 2355 omar‘a
1539 2276 1695 2357 Gallrbm
1708 2277 1798 2378 fiem'
1826 2305 1911 2356 eum
1939 2279 2089 2356 librario
2120 2279 2276 2356 nimium

702 2406 853 2500 videret,
879 2433 948 2508 pro
975 2405 1133 2484 Gallrbra
1157 2404 1279 2508 inepte
1305 2405 1494 2484 substituit
1518 2433 1542 2482 0
1567 2404 1693 2484 Gallia

851 2561 888 2636 p.
910 2539 994 2628 104,
1012 2519 1045 2606 u
1073 2559 1148 2609 ron
1172 2532 1289 2609 earini
1311 2533 1614 2625 10001101ηᾶ100,
1640 2534 1706 2610 red
1721 2532 1918 2635 [nummus]
1945 2533 2052 2610 etrum
2081 2533 2270 2638 ruodrut]

699 2661 909 2738 crescebaut.
960 2661 1064 2738 Intra
1087 2662 1324 2764 parentheses
1351 2662 1523 2738 eonolusa
1548 2661 1647 2738 solus
1673 2661 1786 2737 habet
1809 2659 2040 2738 Veronensis.

850 2816 887 2891 p.
909 2792 993 2880 108,
1012 2809 1092 2890 ssq.
1119 2786 1208 2891 quid
1235 2786 1329 2864 enim
1356 2786 1577 2890 repetiirnua,
1615 2787 1704 2890 quid
1731 2788 1908 2865 obsessura
1938 2813 1982 2865 ee
2011 2787 2164 2865 hostiurn
2192 2813 2270 2864 rua·

698 2915 804 2992 uibus
835 2914 1044 3017 eripuimus,
1084 2914 1120 2990 ai
1147 2914 1383 3018 recuperatum
1414 2913 1488 3018 ipsi
1517 2915 1733 2993 deserimus?
1776 2915 1997 2993 Veronensis
2029 2916 2270 3018 interpolator

698 3056 784 3146 post
806 3042 970 3120 manibus
999 3043 1127 3120 inserit
1156 3068 1252 3135 eura,
1286 3043 1416 3120 deinde
1445 3070 1516 3146 pro
1546 3042 1618 3146 epra
1645 3043 1826 3122 vocabulo
1858 3043 2048 3121 substituit
2076 3041 2267 3136 obridioue,

697 3171 793 3248 illius
819 3171 893 3247 vim
917 3198 991 3247 non
1018 3170 1107 3248 satis
1132 3182 1331 3248 assecutus.

851 3326 887 3401 p.
920 3303 1046 3392 110,e
1084 3309 1281 3400 postquam
1320 3296 1493 3376 Camillus
1531 3298 1706 3376 orationis
1743 3298 1899 3400 primam
1935 3309 2078 3402 partem
2115 3298 2273 3376 absolvit

699 3424 827 3528 oppidi
862 3424 1137 3501 translationem
1168 3425 1287 3501 uetari
1311 3425 1498 3527 religione,
1532 3428 1734 3504 seeundum
1772 3426 1907 3503 librum
1939 3426 2186 3503 Veronensem
2220 3427 2269 3502 ed

698 3553 899 3629 seeundum
932 3553 1055 3628 locum
1088 3543 1149 3629 de
1171 3553 1387 3630 necessitate
1425 3553 1606 3654 migrandi
1642 3553 1695 3630 ita
1726 3553 1920 3630 transitum
1954 3552 2058 3630 facit:
2098 3565 2139 3630 at
2174 3551 2270 3631 enim

698 3691 850 3781 apparet
873 3679 1017 3789 quadem
1049 3735 1132 3756 .....
1137 3679 1202 3756 riu
1231 3704 1299 3756 aee
1329 3679 1414 3757 ullo
1443 3679 1600 3783 plumella
1629 3679 1770 3782 erpiard
1794 3705 1910 3782 porse.
1964 3680 2068 3774 Quae
2098 3681 2269 3758 videntur

697 3807 840 3883 adiecta
865 3833 944 3884 esse
970 3835 994 3883 a
1009 3807 1157 3884 rhetora
1182 3809 1354 3908 quodam,
1381 3819 1424 3884 01
1438 3821 1563 3910 partes
1585 3808 1762 3885 orationis
1779 3807 1921 3886 facilius
1943 3807 2267 3909 distinguerentur:

698 3933 788 4010 nihil
814 3934 910 4010 enim
934 3935 1007 4012 hoo
1032 3935 1180 4035 quidem
1203 3935 1287 4011 loeo
1314 3935 1541 4012 desideratur
1565 3960 1633 4012 nee
1658 3961 1769 4014 eausa
1794 3945 1957 4038 apparet,
1982 3945 2133 4038 propter
2158 3963 2270 4037 quam

695 4061 864 4137 librarius
889 4061 981 4140 haee
1005 4063 1172 4140 omittere
1196 4062 1368 4165 potuerit.

847 4216 884 4291 p.
908 4193 991 4282 115,
1010 4199 1045 4260 ts
1071 4199 1157 4292 post
1180 4191 1315 4266 vallera
1340 4191 1442 4291 quod
1467 4189 1585 4267 estin
1612 4216 1686 4266 uno
1703 4189 1906 4268 Veronensi
1933 4189 1983 4291 [α]
2001 4189 2173 4266 militibus
2187 4216 2269 4266 rnu-

694 4314 821 4408 00001,
847 4317 1040 4394 manifesto
1065 4316 1187 4418 glossa
1214 4327 1281 4394 est.

847 4444 949 4521 Haeo
974 4444 1177 4544 similiaque
1202 4445 1266 4544 qui
1291 4443 1530 4523 considerarit
1559 4445 1597 4522 in
1623 4444 1826 4523 Veronensi
1856 4445 2019 4537 inventa,
2050 4443 2267 4524 001011100-

694 4571 877 4648 maehiani
902 4598 1029 4648 omnes
1060 4598 1282 4674 quamquam
1307 4573 1468 4673 quinque
1497 4573 1688 4650 minimum
1722 4573 1875 4652 saeculis
1906 4584 1994 4674 post
2024 4599 2108 4649 eum
2141 4572 2266 4675 scripti

695 4699 814 4776 atuli
847 4699 930 4776 labe
968 4699 1147 4777 immunes
1178 4701 1267 4794 sint,
1304 4725 1350 4776 ne
1388 4700 1450 4776 ille
1479 4700 1692 4778 recensione
1721 4699 2006 4777 Nicomachiana
2037 4701 2265 4802 aliquantum

694 4827 901 4930 profectum
932 4851 1012 4904 esse
1041 4827 1228 4928 intelleget
1253 4829 1492 4928 (quamquam
1517 4821 1761 4906 Nicomachus
1791 4829 1948 4904 fortasse
1979 4853 2053 4904 non
2090 4839 2169 4904 tem
2200 4853 2266 4904 sua

696 4955 950 5030 emendatione
967 4954 1072 5031 Livio
1097 4955 1237 5057 profuit
1263 4982 1374 5056 quam
1399 4957 1534 5033 selecto
1560 4955 1760 5058 exemplari
1785 4956 1910 5058 aliquo
1936 4955 2089 5055 antiquo
2114 4967 2154 5032 et
2177 4979 2266 5058 prae

695 5082 774 5160 eius
800 5081 930 5160 aetatis
956 5081 1166 5184 vulgaribus
1192 5083 1415 5183 emendato),
1448 5109 1516 5161 nee
1541 5083 1689 5186 negabit
1714 5083 1752 5158 in
1778 5107 1921 5160 summa
1945 5109 2004 5176 re,
2032 5080 2095 5160 ubi
2119 5082 2266 5162 ratioci-
