5138 6518
671 529 742 603 186

667 729 873 830 Madvigius
899 733 973 828 (ed.
993 729 1065 804 vol.
1084 729 1120 806 Il
1135 757 1172 830 Ρ.
1191 729 1260 828 IV)
1288 731 1488 806 seeundum
1506 728 1765 820 Veronensem,
1791 731 1830 804 in
1857 755 1932 828 quo
1958 741 2016 806 est
2037 755 2094 805 res
2110 729 2241 823 subita3

669 861 800 960 reliqui
824 857 864 932 in
887 883 928 933 re
952 855 1080 932 subita.

820 985 874 1060 III
908 987 1004 1077 12,4
1039 1013 1075 1086 p.
1102 987 1135 1076 6,
1165 1004 1195 1060 ¹9
1233 983 1274 1058 T.
1310 982 1496 1069 Quinctius
1527 980 1750 1084 Capitolinus
1849 983 2063 1083 αῴίηηαὸαε
2179 985 2243 1087 Sp.

672 1113 802 1188 Furius
818 1112 966 1188 missurn
988 1112 1032 1186 ab
1053 1111 1216 1197 Quinctio
1235 1109 1442 1214 Capitolino.
1461 1109 1533 1216 sebi
1556 1136 1636 1186 eum
1652 1111 1786 1188 ventsse
1802 1111 1969 1187 subs-idei).
2014 1113 2085 1206 Sic,
2111 1139 2244 1215 nempe

673 1242 805 1317 Furnos
829 1240 995 1332 missurn,
1023 1239 1263 1331 Veronensis,
1293 1251 1333 1315 ut
1357 1239 1598 1316 restituerunt
1623 1239 1695 1314 iem
1721 1241 1880 1316 editores
1907 1239 2064 1339 antiqui,
2094 1239 2246 1316 Furtum

670 1369 785 1470 ipsum
809 1368 958 1444 missum
982 1367 1066 1443 libri
1091 1367 1234 1468 reliqui.

821 1497 876 1572 ΠΙ
904 1500 998 1588 12,s
1025 1521 1062 1594 p.
1084 1495 1118 1586 6,
1140 1513 1173 1565 ss
1201 1493 1242 1568 L.
1262 1492 1446 1570 bunellus
1474 1495 1697 1570 Veronensis
1723 1505 1837 1587 reete,
1865 1495 1961 1570 mele
1989 1495 2121 1594 reliqui
2146 1497 2244 1596 (solo

670 1625 883 1719 Florentino
911 1622 947 1699 S.
967 1623 1082 1698 Marci
1107 1632 1275 1724 excepto,
1304 1622 1373 1697 nisi
1400 1623 1446 1696 de
1470 1623 1543 1698 hoe
1569 1647 1717 1721 quoque
1742 1633 1842 1697 erret
1866 1621 2049 1715 Hertzius,
2078 1625 2173 1700 siout
2198 1625 2244 1698 de

670 1753 839 1830 Leidensi
865 1751 984 1852 primo
1011 1777 1085 1824 non
1112 1761 1210 1825 reete
1237 1750 1381 1825 rettulit
1405 1749 1745 1849 Drakenborehius)
1770 1749 1810 1824 P.
1837 1747 2035 1824 Lueretius.

821 1879 873 1955 111
903 1882 997 1969 12,7
1026 1905 1062 1978 p.
1085 1881 1118 1968 6,
1139 1899 1173 1948 5⁵
1200 1877 1297 1977 quod
1310 1877 1465 1975 offendat
1486 1875 1526 1951 in
1551 1901 1591 1951 eo
1608 1877 1792 1976 servorem
1818 1889 1853 1952 et
1876 1875 2070 1952 eudociam
2094 1887 2244 1952 aetatem

671 2006 809 2082 cottidie
838 2005 953 2105 maye
985 2005 1137 2104 auferre.
1191 2005 1420 2080 Vocabulum
1449 2003 1583 2102 moyes,
1616 2006 1717 2103 quod
1743 2005 1854 2080 hebet
1885 2005 1985 2080 solus
2010 2005 2244 2096 Veronensis,

670 2147 747 2210 tem
778 2145 863 2236 apte
902 2133 1120 2208 sententiam
1158 2131 1297 2232 explet,
1339 2143 1381 2208 ut
1415 2155 1637 2230 quemquam
1667 2130 1745 2207 eius
1784 2133 2033 2208 additamenta
2069 2131 2245 2233 pleraque

670 2264 764 2338 falsa
790 2286 868 2338 esse
895 2272 1052 2352 oonstat,
1078 2261 1150 2335 hoo
1175 2260 1407 2334 retinendum
1433 2284 1513 2334 esse
1539 2259 1628 2333 mihi
1654 2259 1803 2357 quidem
1827 2283 2043 2360 persuasum
2070 2260 2128 2336 sit.

821 2388 875 2464 ΠΙ
896 2391 986 2480 13,6
1008 2416 1045 2489 p.
1062 2390 1096 2478 8,
1115 2408 1146 2458 ιο
1161 2387 1433 2488 pessummque,
1460 2384 1503 2461 ni
1516 2385 1675 2479 sistatur,
1687 2387 1820 2487 populo
1831 2385 1997 2486 promoti
2014 2386 2243 2478 Veronensis,

671 2543 754 2592 eum
780 2515 855 2591 nebi
876 2514 1022 2590 sistatur
1046 2515 1084 2588 in
1111 2514 1260 2614 reliquis
1287 2514 1335 2591 sit
1360 2525 1490 2589 contre
1516 2540 1622 2590 usum
1648 2513 1686 2590 in
1712 2514 1769 2589 his
1794 2515 1961 2590 formulis
1987 2515 2212 2590 sollemnem.

822 2643 876 2719 ΠΙ
904 2644 998 2734 13,s
1024 2669 1061 2742 p.
1087 2645 1121 2734 8,
1144 2661 1175 2718 ¹9
1207 2667 1319 2716 unum
1350 2643 1472 2716 vadem
1505 2640 1578 2716 tria
1605 2639 1707 2716 milio
1737 2641 1830 2716 aeris
1859 2641 2099 2740 otls'paverunt
2127 2642 2243 2717 Vero·

672 2773 804 2864 nensis,
832 2795 916 2846 eum
933 2768 1064 2866 reliqui
1089 2768 1173 2844 libri
1194 2769 1364 2844 meliores
1389 2779 1496 2844 notes
1521 2769 1692 2843 habeant.
1732 2769 1827 2844 lllud
1853 2769 2002 2844 videant
2018 2769 2244 2868 grammatici

672 2925 761 2974 num
785 2897 874 2973 ferri
899 2896 1027 2998 possit,
1060 2921 1144 2970 oum
1170 2921 1313 2972 summo
1337 2895 1536 2970 vadimonii
1560 2921 1647 2988 non,
1680 2905 1723 2970 ut
1747 2921 1891 2972 summe
1921 2897 2070 2987 eredita,
2096 2921 2245 2976 oensem

673 3025 905 3128 obligationis
931 3023 968 3098 in
995 3049 1035 3100 se
1056 3023 1242 3099 contineat
1266 3021 1391 3121 itaque
1408 3023 1565 3098 fortasse
1591 3023 1737 3098 defendi
1754 3024 1873 3124 possit
1898 3023 2051 3124 obligari
2068 3050 2136 3100 nos
2155 3023 2245 3100 essi·

671 3157 741 3230 bus
766 3163 914 3229 eentum
939 3151 1097 3243 creditis,
1124 3151 1189 3226 sed
1215 3175 1262 3225 ex
1286 3150 1485 3225 vadimonii
1510 3175 1621 3226 osuse
1645 3150 1799 3251 obligari
1824 3162 1970 3226 eentum
1996 3177 2105 3227 esses.

820 3279 875 3356 III
904 3283 962 3372 13,
984 3303 1016 3348 ro
1042 3305 1079 3380 p.
1104 3281 1139 3370 8,
1159 3289 1192 3348 lo
1226 3275 1322 3352 devio
1356 3278 1509 3377 quodum
1540 3276 1678 3376 superio
1712 3277 1764 3354 sio
1796 3291 1838 3353 ut
1867 3280 2106 3354 restituerunt
2137 3277 2244 3356 Gom·

670 3435 788 3510 penus
814 3419 852 3482 et
875 3407 1073 3482 Rhenanus
1100 3405 1209 3480 etium
1233 3405 1464 3498 Veronensis,
1493 3429 1577 3480 oum
1602 3406 1690 3480 desw
1715 3406 1763 3481 sit
1788 3406 1826 3481 in
1843 3405 2089 3484 Vormstiensi
2113 3417 2152 3481 et
2168 3407 2244 3482 Me·

672 3537 786 3627 dioeo,
813 3535 855 3610 de
879 3535 948 3608 ullo
974 3535 1013 3607 in
1039 3533 1198 3630 reliquis.

821 3661 875 3737 III
903 3665 962 3753 19,
981 3680 997 3732 3
1023 3687 1060 3761 p.
1081 3663 1116 3754 9,
1134 3679 1169 3736 39
1196 3659 1307 3734 mous
1325 3659 1453 3754 luere,
1479 3685 1631 3760 quorum
1654 3683 1755 3734 nono
1774 3656 1929 3736 Caesoni
1951 3659 2092 3736 cedebat
2104 3660 2243 3759 napul-

671 3789 789 3864 tudine
814 3787 938 3881 aesini,
965 3786 1151 3864 consilium
1176 3786 1371 3864 autumno
1396 3787 1538 3864 obires
1557 3799 1722 3888 posceret
1738 3784 1879 3886 priores
1904 3799 2017 3862 erant.
2065 3787 2188 3864 Verbe
2212 3799 2246 3862 et

669 3915 823 4007 modum,
848 3941 944 4016 quae
967 3915 1005 3989 in
1031 3914 1180 4014 reliquis
1197 3914 1299 3990 libris
1315 3915 1489 4016 leguntur
1512 3925 1600 4016 post
1625 3913 1821 4006 emmelim,
1848 3941 1871 3988 e
1893 3913 2097 3992 Veronensi
2121 3925 2244 3992 eutem

670 4043 805 4120 efuisse
829 4043 901 4117 iem
927 4041 1121 4143 Zumptius
1148 4041 1272 4134 sensit,
1300 4043 1456 4118 delendo
1481 4067 1561 4118 esse
1587 4053 1751 4143 apparet.

822 4167 877 4246 HI
912 4174 970 4264 19,
999 4192 1030 4240 12
1063 4198 1099 4271 p.
1129 4173 1187 4264 11,
1218 4189 1252 4241 32
1283 4169 1401 4245 neseio
1431 4195 1499 4270 quo
1523 4170 1610 4270 fato
1639 4168 1754 4268 moysis
1786 4168 1945 4244 bellantes
1984 4194 2093 4269 quum
2117 4168 2249 4270 pacali

666 4296 841 4396 propitios
866 4293 1031 4374 batenus
1057 4299 1148 4373 deos.
1197 4296 1287 4372 Fato
1312 4307 1500 4400 repertum
1526 4297 1648 4374 edhuo
1672 4298 1929 4372 tantummodo
1955 4297 1993 4372 in
2018 4297 2121 4374 libris
2143 4297 2244 4374 dete·

645 4421 649 4432 '
670 4424 778 4500 rioris
797 4435 907 4500 notee
923 4425 995 4499 ism
1013 4426 1206 4501 confirmet
1222 4424 1462 4515 Veronensis3
1488 4423 1619 4525 optimi
1640 4424 1791 4500 secundi
1807 4424 1950 4523 generis
1958 4425 2078 4525 sacto,
2103 4424 2244 4501 Madvi-

672 4551 753 4652 gius
770 4564 891 4652 pacto,

822 4679 877 4755 III
904 4681 999 4771 21‚2
1025 4706 1062 4780 p.
1086 4683 1142 4773 13,
1166 4702 1196 4750 rs
1222 4691 1365 4755 senatus
1391 4679 1552 4755 cormello
1570 4677 1684 4778 fiunt,
1716 4689 1757 4751 ut
1781 4703 1890 4778 neque
1916 4676 2053 4754 ebusi
2073 4679 2179 4777 lepem
2204 4703 2244 4754 eo

672 4831 768 4880 anno
784 4805 929 4905 ferrent
957 4830 1067 4906 neque
1092 4810 1249 4882 emmeles
1275 4807 1319 4884 ab
1346 4805 1430 4882 urbe
1459 4805 1650 4882 mmmmm
1674 4806 1873 4895 educerent3
1903 4805 1943 4882 in
1966 4805 2142 4906 reliquum
2164 4831 2243 4884 mu

668 4933 840 5028 petrano
865 4933 1073 5010 sonemus
1094 4947 1127 5010 et
1150 4937 1284 5010 eosdm
1301 4934 1457 5010 osbunos
1480 4932 1581 5033 refici
1596 4945 1758 5008 mnarum
1782 4931 1940 5008 iudicare
1964 4946 2092 5008 eontra
2114 4957 2192 5008 rem
2201 4957 2242 5034 Ρ.

671 5087 752 5136 esse.
799 5061 858 5136 Sie
885 5061 1116 5138 Veronensis.
1161 5062 1218 5138 Ex
1243 5061 1393 5160 reliquis
1417 5061 1520 5138 libris
1548 5061 1684 5137 excidit
1713 5073 1763 5153 ut,
1790 5071 2018 5162 quopropter
2040 5060 2244 5162 Madvigius
2282 5039 2284 5044 ⁵
