5138 6518
675 505 744 578 198

665 707 800 808 populo
818 718 906 782 esset
924 703 1029 782 adid
1045 705 1142 806 quod
1158 715 1231 780 tum
1248 703 1312 780 diu
1327 705 1437 782 uellet.
1473 704 1532 782 Sio
1550 704 1789 799 Veronensis3
1809 707 1848 783 iu
1866 707 2041 786 omittunt
2059 709 2241 786 scribunt·

671 860 743 932 que
768 833 894 909 vellent
916 833 1059 932 reliqui.

822 961 874 1036 IV
901 965 996 1054 tus
1022 988 1059 1061 p.
1080 962 1141 1054 70,
1160 979 1190 1030 er
1226 958 1294 1036 ursi
1316 959 1537 1038 centonibus
1563 962 1648 1036 deta
1673 986 1770 1038 nume
1798 961 2001 1058 retinenda,
2034 991 2132 1041 nuno
2157 991 2241 1042 eors-

669 1087 797 1164 oieudo
810 1088 922 1189 plebs.
963 1088 1006 1164 In
1023 1088 1236 1189 vulgaribus
1253 1099 1310 1164 est
1327 1087 1526 1180 detinendo,
1552 1088 1590 1162 in
1608 1089 1810 1166 Veronensi
1829 1090 2069 1184 deretiueedm
2097 1093 2244 1170 videtur

669 1216 820 1315 entique
846 1216 1094 1316 dittogmphiu
1118 1242 1141 1290 u
1167 1215 1395 1293 diasceuastae
1420 1241 1494 1291 non
1520 1227 1620 1294 reete
1645 1219 1847 1294 emendate.

820 1343 873 1420 IV
900 1347 996 1436 tus
1022 1371 1058 1445 p.
1079 1347 1139 1436 71,
1159 1353 1211 1417 le:
1244 1369 1367 1418 eorum
1402 1344 1534 1443 lepatos
1558 1343 1742 1444 utriusque
1762 1344 1876 1444 emm
1894 1347 2049 1446 populos
2075 1346 2242 1426 circuisse

668 1470 879 1570 oestipoutes
910 1469 1104 1570 promum.
1165 1471 1225 1547 Sio
1255 1470 1477 1548 Veronensis
1516 1495 1600 1546 oum
1634 1471 1792 1548 editione
1822 1473 2054 1550 Frobeniene
2089 1478 2241 1576 expulsu

667 1599 848 1701 particule
873 1625 951 1700 pue,
979 1623 1074 1696 quse
1098 1612 1185 1698 post
1209 1597 1419 1698 eastipuetee
1444 1598 1593 1696 reliquis
1618 1598 1721 1676 libris
1747 1599 1890 1676 insidet.

819 1725 869 1802 IV
897 1731 994 1819 56,6
1020 1753 1056 1826 p.
1077 1729 1138 1817 71,
1155 1746 1190 1798 ss
1215 1751 1282 1803 nee
1306 1724 1402 1826 ipsos
1424 1726 1531 1802 modo
1556 1726 1742 1803 Romanos
1765 1752 1834 1804 sue
1859 1727 1992 1806 dr'm'rui
2013 1727 2152 1822 tmere,
2177 1732 2242 1808 sed

666 1851 894 1930 Ferentinum
933 1852 1040 1930 etrum
1078 1853 1122 1930 de
1155 1879 1192 1930 se
1231 1865 1377 1954 euptrem
1407 1851 1576 1932 Herses
1610 1855 1771 1930 donasse.
1832 1853 1940 1946 Quod
1972 1857 2240 1934 oommendsvit

666 1982 842 2090 exemplis
872 1982 991 2057 allatis
1016 1981 1069 2056 lo.
1095 1981 1156 2056 Fr.
1183 1979 1393 2056 Gronovius
1420 1979 1564 2073 diuisui,
1597 1981 1631 2056 ei
1664 1981 1716 2056 ite
1740 1982 1997 2082 patrocinetur
2027 1982 2120 2061 liber
2145 1985 2238 2061 enti·

666 2109 874 2210 quissimus,
910 2120 952 2183 ut
977 2108 1054 2184 eius
1079 2108 1163 2184 loeo
1189 2119 1375 2209 proponat
1400 2107 1505 2202 diuis,
1534 2111 1629 2184 unde
1657 2107 1781 2201 diuiso,
1817 2111 1917 2210 quod
1942 2121 2070 2186 tenent
2093 2112 2236 2213 reliqui,

667 2238 838 2314 effectum
863 2237 980 2314 videri
1004 2247 1130 2338 potest
1154 2236 1418 2312 emendatione.

817 2364 868 2440 IV
896 2367 957 2455 56,
977 2385 1010 2434 re
1035 2391 1072 2464 p.
1094 2365 1154 2456 72,
1174 2367 1222 2440 36
1257 2361 1459 2465 siquando
1485 2361 1689 2464 promerui
1717 2362 1868 2440 honores
1899 2364 2163 2442 communiente
2198 2392 2237 2444 re

658 2493 808 2596 publice
838 2505 953 2570 esseut
982 2492 1127 2568 videtur
1157 2491 1392 2568 seribendum
1422 2517 1518 2584 esse,
1550 2517 1635 2569 oum
1664 2515 1738 2592 rep.
1771 2503 1861 2570 esset
1891 2490 1938 2568 sit
1972 2492 2008 2566 in
2036 2493 2237 2571 Veronensi

665 2621 918 2719 Leidensique,
943 2644 1034 2720 resp.
1062 2629 1151 2696 esset
1172 2619 1210 2693 in
1235 2618 1449 2694 Florentino
1474 2617 1726 2718 Parisinoque.

816 2748 869 2824 IV
897 2751 957 2840 te,
978 2766 1010 2818 rs
1042 2773 1079 2846 p.
1108 2748 1168 2838 72,
1191 2754 1227 2816 te
1257 2744 1398 2822 inter-ein
1427 2743 1579 2845 patricii
1609 2744 1720 2822 soluti
1749 2746 1864 2846 lepum
1893 2744 2237 2850 uipereumque

665 2877 704 2954 ui
731 2889 837 2977 mque
871 2872 1084 2950 verecundia
1114 2898 1180 2974 per
1210 2897 1249 2949 se
1272 2883 1548 2974 potestatesque
1587 2871 1814 2950 tribunicium
1853 2885 2007 2974 sperent.
2064 2874 2125 2952 Sio
2163 2877 2236 2952 iem

664 3007 756 3082 hsee
780 3004 953 3104 leguntur
976 3002 1238 3102 legebanturve
1262 3000 1300 3076 in
1329 3000 1544 3092 Veronensi,
1576 3025 1623 3076 ex
1653 3027 1728 3101 quo
1760 3003 1940 3078 secedunt
1964 3027 2062 3078 nuno
2087 3003 2235 3078 demum

663 3135 778 3210 verbs
801 3130 840 3207 vi
854 3130 987 3231 a[tpue]
1015 3139 1112 3230 epte,
1140 3119 1224 3205 eum
1241 3129 1297 3204 vis
1314 3127 1467 3230 proprie
1486 3127 1535 3204 sit
1550 3127 1682 3228 legum,
1708 3129 1929 3208 vereoundis
1945 3129 2233 3230 magistratuum.

663 3261 807 3338 Deinde
831 3260 931 3358 quod
955 3258 993 3333 in
1023 3281 1069 3333 eo
1094 3255 1229 3356 legitur
1254 3267 1463 3356 potestatem
1493 3281 1585 3356 qum
1620 3253 1865 3346 tribuniciam,
1898 3281 1983 3333 eum
2016 3256 2054 3332 in
2083 3256 2235 3357 reliquis

664 3387 766 3464 libris
783 3387 845 3463 sit
876 3408 1015 3485 quoque
1047 3381 1273 3458 tribunicium
1300 3394 1527 3484 potestaten,
1557 3383 1784 3484 praeclaram
1815 3383 1923 3460 huius
1954 3383 2027 3462 looi
2057 3384 2234 3485 interpre-

662 3517 840 3592 tationem
863 3510 1134 3612 Msdvigiunem
1158 3510 1360 3588 oonfinnst.

815 3639 869 3714 IV
896 3643 991 3731 set
1021 3665 1058 3740 p.
1084 3641 1144 3730 74,
1167 3653 1203 3708 oo
1234 3635 1320 3738 puio
1350 3663 1492 3716 mmme
1524 3636 1563 3713 ui
1589 3635 1723 3717 restari
1747 3635 1984 3716 uuuuetamr
2014 3639 2232 3741 scripserim,

662 3795 748 3849 eum
774 3769 812 3844 in
837 3766 1041 3844 Veronensi
1067 3765 1117 3842 sit
1138 3763 1271 3842 restari
1291 3764 1567 3858 sortiumur,
1600 3765 1638 3842 in
1664 3765 1814 3866 reliquis
1845 3765 1947 3842 libris
1976 3777 2110 3844 restore
2139 3793 2232 3844 uuu-

663 3898 856 3974 medemur.

815 4021 868 4098 IV
894 4025 955 4114 58,
975 4039 1009 4094 rs
1034 4047 1072 4121 p.
1092 4024 1153 4112 76,
1174 4046 1185 4092 r
1218 4018 1308 4120 quid
1329 4045 1437 4122 super
1461 4017 1663 4120 saupuimi,
1695 4019 1792 4120 quod
1816 4018 1900 4096 dori
1924 4045 1993 4120 pro
2024 4019 2235 4122 republica

658 4163 789 4256 posset.
840 4148 884 4225 In
909 4147 1113 4225 Veronensi
1141 4147 1236 4224 libro
1267 4149 1370 4248 quod
1401 4157 1458 4226 est
1488 4147 1586 4248 quod
1614 4147 1785 4249 valgius
1815 4147 1963 4226 lectioni
1994 4147 2060 4247 qui
2086 4149 2232 4228 videtur

662 4290 861 4384 praestare.
1320 4303 1329 4324 ⁸

816 4405 850 4481 V
876 4407 948 4496 8,e
972 4430 1010 4505 p.
1030 4407 1091 4496 77,
1109 4423 1144 4476 ss
1173 4400 1407 4504 siumquum
1432 4399 1631 4478 dubitatum
1661 4412 1727 4494 est,
1762 4399 1924 4486 Quirites.
1977 4401 2038 4480 Sio
2072 4401 2245 4482 editores

663 4537 804 4612 dudum
829 4532 1078 4622 restituerunt,
1104 4554 1190 4607 eum
1214 4528 1299 4605 libri
1323 4555 1393 4630 pro
1419 4555 1463 4606 eo
1492 4531 1594 4630 quod
1621 4539 1677 4606 est
1694 4526 1847 4614 Quirites
1872 4529 1933 4606 ulii
1958 4529 2036 4630 quir
2063 4542 2128 4606 sut
2143 4531 2231 4631 quim

661 4671 884 4766 proponent,
915 4658 977 4732 elii
1000 4658 1039 4732 id
1064 4658 1247 4732 omittent.
1298 4657 1342 4732 In
1368 4655 1570 4734 Veronensi
1601 4657 1702 4757 quod
1734 4655 1880 4756 estqui
1909 4683 1983 4734 non
2010 4681 2135 4735 verum
2162 4671 2229 4750 est,

663 4793 728 4867 sed
753 4787 904 4887 entique
930 4784 1148 4885 corruptele,
1177 4785 1273 4860 unde
1299 4809 1442 4862 errores
1467 4784 1520 4860 illi
1544 4793 1750 4860 mouerunt

815 4915 893 5006 V3‚
909 4933 925 4988 7
939 4940 975 5015 p.
987 4915 1048 5004 78,
1062 4920 1098 4984 77
1115 4911 1335 4990 Veronensis
1351 4939 1427 4988 non
1443 4912 1556 4990 hsbet
1574 4913 1674 5012 quod
1690 4911 1872 5012 reperitur
1889 4911 1926 4988 in
1939 4911 2229 4992 Nicommhisnis

663 5069 806 5120 comme
828 5039 903 5118 ursi
915 5041 1017 5140 sorte
1041 5037 1109 5114 doe
1135 5037 1260 5131 dirim,
1288 5041 1389 5140 quod
1414 5051 1500 5141 epte
1526 5039 1646 5115 omitti
1670 5039 1778 5140 penei
1801 5015 1937 5140 'opinor
1962 5040 2158 5141 negabunt.
