5138 6518
1823 559 1892 630 161

324 761 491 863 paginae,
518 761 675 836 fortasse
692 759 801 834 etiam
818 783 946 834 versus
962 758 1084 834 versui
1108 757 1406 858 responderet¹);
1435 758 1537 858 quod
1557 758 1589 834 si
1605 759 1756 860 probari
1773 769 1896 860 potest

326 889 365 964 in
391 915 460 966 usu
485 888 607 980 fuisse,
626 913 745 988 neque
763 887 840 962 eius
859 913 945 964 usus
966 886 1062 962 ratio
1088 886 1179 960 latet
1203 886 1306 984 (nam
1324 910 1480 977 errores,
1506 885 1664 962 maxime
1682 886 1897 964 omissiones
1982 887 1994 906 “

325 1017 440 1092 itaet
466 1015 697 1092 evitabantur
723 1015 860 1115 optime
886 1025 924 1090 et
952 1040 1027 1089 non
1056 1013 1182 1088 evitati
1208 1012 1314 1088 facile
1350 1013 1731 1114 deprehendebantur3
1765 1014 1895 1092 deinde

323 1143 376 1218 ita
400 1144 499 1220 facta
525 1143 692 1244 exempla
717 1143 825 1243 plura
848 1141 886 1217 in
913 1141 1048 1218 scholis
1065 1139 1385 1241 auditionibusque
1404 1143 1596 1216 commode
1622 1141 1730 1218 simul
1746 1141 1894 1217 adhibe-

323 1271 474 1370 bantur)
500 1280 537 1347 et
562 1295 656 1371 quae
681 1269 802 1346 adhuc
826 1269 864 1344 in
890 1271 1047 1346 obscuro
1072 1267 1195 1369 posita
1220 1278 1277 1344 est
1302 1267 1552 1344 stichometria
1577 1295 1651 1369 quo
1677 1269 1895 1369 pertinuerit

323 1397 397 1474 iam
422 1397 662 1498 intellegetur.
716 1396 834 1490 Quam
866 1399 914 1472 ob
946 1423 1024 1472 rem
1051 1395 1115 1497 qui
1146 1395 1185 1470 in
1210 1395 1299 1470 talia
1323 1394 1528 1495 inquirunt,
1562 1396 1753 1496 diligenter
1784 1395 1893 1472 velim

323 1527 527 1616 attendant,
554 1525 586 1601 si
612 1551 686 1625 qua
710 1526 807 1600 forte
832 1524 963 1600 similia
988 1522 1122 1601 alicubi
1145 1523 1295 1598 lateant.
1339 1519 1447 1598 (leste
1465 1524 1566 1624 quod
1581 1522 1677 1598 Livii
1692 1523 1894 1599 liberalior

324 1652 535 1753 rescriptas,
562 1677 694 1753 nempe
723 1652 935 1744 Vaticanus,
965 1651 1120 1728 totidem
1151 1649 1189 1724 in
1222 1650 1367 1751 pagella
1398 1676 1525 1727 versus
1560 1651 1787 1751 totidemque
1816 1652 1893 1727 fere

323 1779 362 1853 in
390 1804 496 1856 versu
522 1781 662 1856 litteras
679 1780 816 1856 habere
832 1778 1069 1877 invenisne),
1097 1789 1191 1878 quot
1205 1777 1411 1854 invenimus
1427 1777 1465 1853 in
1485 1778 1698 1871 Veronensi,
1715 1778 1893 1879 ahquate-

324 1932 393 1982 nus
434 1910 534 2008 quod
574 1909 764 2009 posuimus
799 1905 1084 2004 commendat3).
1117 1951 1168 1962 —
1199 1903 1370 1982 Ceterum
1408 1904 1496 1981 folia
1533 1903 1685 1982 Liviana
1723 1931 1806 1983 cum
1845 1909 1891 1982 ad

324 2031 551 2134 Gregoriana
583 2034 843 2133 perscribenda
874 2043 1104 2135 aptarentur,
1143 2032 1325 2134 margines
1359 2035 1525 2109 desectae
1559 2045 1661 2125 sunt,
1694 2059 1786 2133 quas
1818 2034 1891 2111 late

323 2174 451 2262 patere
483 2161 651 2236 voluerat
682 2162 840 2262 scriptor
871 2161 1123 2252 Livianorum;
1163 2186 1237 2261 qua
1272 2160 1479 2238 desectione
1522 2185 1606 2236 cum
1643 2161 1681 2236 in
1719 2161 1891 2239 inferiore

323 2288 486 2390 margine
510 2289 715 2366 litterarum
741 2289 846 2381 nihil,
879 2289 916 2364 in
943 2289 1131 2390 superiore
1157 2299 1279 2364 autem
1304 2291 1559 2364 tantummodo
1585 2289 1802 2389 paginarum
1836 2290 1891 2364 in·

324 2416 541 2516 scriptiones
581 2418 761 2516 quaedam
800 2417 987 2517 perierint,
1027 2415 1181 2516 paginae
1219 2415 1418 2492 exteriores
1457 2417 1663 2516 complures
1702 2417 1891 2493 mutilatae

324 2555 420 2618 sunt.
474 2542 576 2636 Quae
603 2546 737 2620 damna
761 2569 845 2620 cum
869 2544 952 2645 ipsa
980 2543 1091 2620 editio
1117 2553 1314 2644 proponat,
1342 2543 1429 2620 licet
1453 2555 1606 2645 propter
1636 2545 1891 2645 supplementa

325 2670 467 2746 adiecta
504 2684 753 2772 typorumque
791 2670 972 2748 rationem
1011 2671 1269 2771 aequabilitate
1307 2671 1474 2747 hiatuum
1511 2671 1738 2771 aliquantum
1772 2673 1890 2748 immi·

325 2799 467 2896 nuta4),
497 2800 677 2876 hocloco
703 2826 777 2875 non
804 2826 898 2900 opus
925 2808 980 2876 est
1006 2823 1230 2876 enumerare.

474 2925 593 3004 Notae
622 2927 659 3002 in
691 2926 894 3003 Veronensi
925 2927 1020 3002 libre
1052 2937 1276 3027 usurpantur
1301 2952 1381 3019 eae,
1415 2926 1546 3027 quibus
1577 2927 1680 3004 locus
1712 2953 1791 3004 esse
1822 2955 1888 3028 po·

323 3065 397 3130 test
420 3055 479 3130 vel
503 3053 614 3130 etiam
640 3055 750 3130 debet
773 3053 811 3128 in
838 3054 1029 3162 apnalibus
1054 3053 1303 3153 similibusque
1327 3052 1430 3130 libris
1452 3055 1661 3145 exarandis,
1695 3067 1736 3130 ut
1760 3057 1806 3130 de
1831 3055 1888 3131 his
1919 3076 1923 3086 “

478 3299 508 3379 ¹)
529 3301 644 3362 Versus
667 3303 717 3374 80,
730 3319 756 3362 st
778 3323 832 3362 cur
852 3303 975 3363 dimidia
995 3314 1080 3382 parte
1100 3319 1212 3364 vacuus
1232 3304 1416 3376 remanserit,
1438 3321 1497 3362 non
1518 3303 1674 3380 perspicio.

477 3399 507 3480 ²)
529 3403 607 3464 Vide
630 3423 659 3482 p.
676 3403 724 3464 89.
739 3405 779 3464 90
800 3405 939 3464 editionis
960 3403 1182 3466 Niebuhrianae
1202 3403 1302 3480 (Rom.
1321 3403 1424 3480 1820).

478 3501 508 3582 ⁸)
530 3503 771 3564 vindobonensis
793 3497 912 3566 decadis
933 3506 1053 3583 quintae
1073 3505 1168 3565 codex
1189 3504 1280 3565 habet
1300 3505 1330 3563 in
1351 3507 1461 3586 pagina
1481 3523 1586 3566 versus
1608 3506 1829 3580 undetricenos,
1857 3509 1887 3566 iu

323 3625 411 3666 versu
437 3607 552 3666 litteras
572 3606 690 3666 circiter
712 3607 831 3666 vicenas
859 3607 964 3684 quinas
985 3625 1040 3666 nec
1060 3607 1091 3666 in
1115 3607 1201 3666 binas
1228 3607 1353 3686 paginas
1378 3607 1419 3666 ibi
1447 3607 1550 3666 charta
1578 3607 1678 3667 divisa
1704 3619 1764 3680 est;
1790 3607 1887 3668 divisa

323 3716 369 3768 est
393 3708 426 3768 in
449 3707 584 3768 Puteano
612 3707 730 3766 decadis
757 3709 877 3782 tertiae,
905 3717 938 3768 ut
963 3707 1074 3786 pagina
1097 3707 1207 3768 habeat
1233 3725 1338 3768 versus
1358 3708 1479 3769 vicenos
1500 3725 1604 3782 senos,
1629 3709 1744 3768 litteras
1766 3727 1785 3767 a
1806 3709 1887 3771 senis

323 3809 408 3870 denis
432 3809 471 3868 ad
492 3810 614 3869 ucenae
636 3809 685 3886 (ci.
709 3807 857 3870 Silvestrii
877 3809 1027 3889 palaeogr.
1048 3809 1142 3869 voli
1165 3809 1223 3868 tab.
1239 3808 1278 3870 88
1300 3818 1330 3868 et
1350 3809 1524 3870 Alschefski
1546 3808 1639 3867 vol.3
1661 3827 1691 3886 p.
1706 3809 1775 3886 IX).
1812 3811 1887 3872 Mihi

323 3917 448 3988 uterque
467 3910 543 3969 libro
563 3911 710 3970 recentior
730 3911 857 3970 creditur
877 3909 1041 3970 Veronensi
1061 3911 1150 3969 etiam
1172 3920 1293 3988 propter
1313 3910 1564 3989 orthographiam.

486 4008 517 4088 ⁴)
538 4011 574 4070 In
596 4011 807 4089 supplementis
833 4012 1011 4090 recipiendis
1036 4029 1102 4071 cum
1130 4012 1160 4070 id
1186 4011 1316 4070 maxime
1337 4012 1457 4090 egerim,
1485 4021 1518 4070 nt
1541 4011 1720 4088 reliquorum
1742 4012 1887 4072 librorum

322 4111 481 4171 lectionem
501 4122 765 4190 repraesentarem,
787 4131 847 4172 non
868 4131 936 4172 raro
950 4113 1057 4186 evenit,
1079 4121 1111 4171 ut
1131 4120 1267 4190 receptae
1286 4111 1402 4172 litterae
1423 4131 1534 4186 earum,
1556 4130 1633 4189 quae
1653 4113 1812 4192 perierunt,
1834 4133 1887 4175 nu·

323 4231 437 4272 merum
457 4223 511 4274 aut
531 4231 590 4272 non
612 4215 751 4292 expleant
771 4221 822 4274 aut
842 4225 993 4293 superent,
1014 4214 1213 4291 discrepantia
1225 4221 1292 4274 orta
1305 4233 1344 4272 ex
1364 4213 1529 4274 rationibus
1544 4213 1688 4286 diversis;
1709 4233 1779 4275 narn
1797 4215 1886 4276 modo

323 4313 426 4374 subest
439 4315 644 4392 compendium
663 4315 786 4392 aliquod
806 4335 825 4374 a
839 4315 961 4376 librario
975 4315 1147 4388 admissum,
1168 4314 1256 4374 modo
1277 4334 1361 4374 error
1381 4315 1488 4391 ipsius,
1509 4314 1599 4374 modo
1613 4316 1766 4394 archetypi
1787 4317 1886 4376 nescio

323 4433 401 4492 quae
421 4414 588 4476 diversitas.
632 4415 763 4476 Videant
786 4417 878 4495 igitur
903 4418 960 4476 viri
987 4417 1066 4478 docti
1091 4418 1128 4476 de
1154 4416 1280 4496 siugulis
1304 4417 1377 4494 quid
1404 4415 1591 4476 statuendum
1618 4417 1671 4488 sit;
1697 4417 1755 4477 hoc
1780 4435 1886 4478 moneo

323 4517 529 4594 supplementa
550 4537 569 4575 a
589 4537 636 4576 me
657 4519 789 4576 admissa
808 4519 840 4576 in
853 4519 1039 4596 marginibus
1053 4518 1181 4578 desectis
1195 4535 1256 4577 non
1277 4529 1383 4578 exacta
1397 4535 1464 4578 esse
1485 4518 1524 4578 ad
1544 4536 1699 4578 numerum
1720 4517 1885 4577 litterarum

323 4617 449 4696 singulis
470 4619 544 4679 locis
566 4618 778 4690 deficientium,
806 4638 894 4695 quem
916 4627 1014 4678 tamen
1037 4619 1126 4679 facile
1148 4619 1272 4696 colliges
1292 4637 1331 4678 ex
1351 4619 1443 4678 totius
1461 4621 1588 4698 paginae
1610 4627 1732 4698 propter
1758 4619 1885 4680 similem

322 4720 535 4778 truncationem
556 4721 587 4778 in
609 4739 645 4778 ea
666 4741 698 4778 re
711 4721 929 4796 aequabilitate.
965 4720 1059 4779 Aliud
1074 4731 1120 4780 est
1140 4721 1171 4779 in
1192 4722 1230 4781 iis
1245 4739 1321 4798 quae
1341 4721 1477 4800 supplevi
1497 4721 1549 4794 ibi,
1571 4720 1621 4780 ubi
1634 4720 1806 4780 membrana
1820 4739 1885 4780 cum

322 4822 465 4897 supersit,
487 4821 547 4900 legi
568 4841 626 4880 non
646 4829 760 4900 potest3
782 4821 855 4882 haec
877 4823 955 4881 enim
975 4821 1013 4881 ad
1034 4839 1188 4881 numerum
1203 4823 1290 4902 exegi
1314 4821 1369 4895 vel,
1392 4822 1441 4880 ubi
1463 4822 1507 4880 sio
1520 4822 1640 4902 exigere
1654 4839 1713 4880 non
1733 4823 1827 4901 potui,
1849 4822 1886 4880 de

321 4941 358 4981 ea
379 4942 411 4981 re
433 4923 531 4982 monui
538 4943 547 4994 ;
569 4940 747 5000 quamquam
768 4922 864 4981 fateor
884 4924 1049 4984 accuratius
1071 4923 1183 4982 attendi
1204 4923 1343 4983 debuisse
1365 4921 1404 4982 ad
1424 4923 1556 4984 hiatuum
1578 4921 1729 4995 ambitum,
1756 4941 1845 5000 quam
1867 4943 1885 4980 a

322 5042 369 5084 me
389 5023 498 5082 iactum
520 5033 575 5083 est.

384 5251 613 5332 Attandlunqen
633 5256 684 5314 der
700 5253 923 5333 philea-tiator.
944 5251 994 5314 itt.
1012 5251 1102 5316 1868.
1122 5251 1178 5316 Nr.
1193 5251 1224 5315 2.
1581 5231 1606 5308 S
