5138 6518
669 521 738 594 188

663 749 746 798 rum
770 719 1007 822 intemperiem
1033 717 1231 794 laboratum
1255 717 1328 811 ille,
1361 716 1559 794 moratum
1583 729 1636 792 eet
1658 717 1708 792 hi.
1760 716 1853 793 Item
1879 715 1934 793 III
1961 719 2057 808 bb,t
2084 743 2121 817 p.
2140 719 2240 808 40,r

665 852 757 925 unde
781 849 916 950 Arperc
941 847 1046 922 elram
1071 845 1223 922 inditum
1249 869 1440 945 ccpnomcu
1464 845 1537 937 ille,
1563 843 1714 920 inditum
1738 857 1791 922 eat
1813 845 1863 920 hi.

817 975 871 1052 III
903 978 1005 1067 34‚s
1035 1001 1072 1075 p.
1098 977 1199 1064 21,5
1231 975 1317 1072 lepea
1341 974 1505 1074 perlatae
1536 985 1634 1066 sunt,
1670 971 1737 1072 qui
1765 998 1862 1048 nune
1893 995 2030 1072 quoque
2149 971 2241 1070 sores

667 1105 779 1180 ‹nnnia
808 1102 949 1205 publici
971 1101 1173 1204 meatque
1203 1112 1255 1176 est
1283 1099 1384 1176 iuria.
1437 1101 1510 1193 Itu,
1549 1125 1680 1201 nempe
1710 1099 1776 1200 qui
1863 1100 1972 1199 sorau,
2006 1097 2241 1190 Veronensis,

667 1259 757 1332 quae
846 1231 958 1330 sroru
987 1229 1071 1306 libri
1096 1229 1282 1328 vulgarem
1316 1227 1500 1330 posterior
1531 1230 1686 1304 mendae
1717 1254 1803 1329 pars
1838 1229 1978 1302 dudum
2003 1227 2149 1302 sublata
2172 1235 2242 1318 est,
2320 1201 2331 1216 ⁹

668 1361 770 1462 prior
796 1361 917 1434 adhuc
942 1356 1127 1433 remansit.

819 1486 873 1562 III
901 1488 996 1577 38‚⁵
1028 1510 1065 1585 p.
1086 1487 1146 1576 24,
1166 1502 1217 1556 22:
1248 1480 1435 1582 Aequi
1462 1484 1721 1584 depopulantur
1822 1481 2066 1558 Tuemdanum
2097 1505 2242 1579 aprum·

669 1613 774 1714 lepati
802 1639 846 1690 ea
879 1613 923 1688 ab
956 1612 1109 1688 Tusculo
1137 1609 1355 1711 praesidium
1380 1623 1522 1686 oranter
1547 1610 1725 1686 nauteam.
1777 1609 1847 1702 lla,
1879 1611 1980 1710 quod
2012 1619 2068 1684 est
2098 1608 2136 1682 in
2167 1633 2242 1682 uuo

669 1719 883 1833 Veronensi,
910 1739 1025 1840 magis
1043 1738 1259 1815 crediderim
1285 1739 1331 1814 ab
1348 1737 1640 1816 Nicomachianis
1660 1739 1756 1812 male
1782 1737 1957 1814 omissum
1984 1761 2095 1837 quam
2118 1736 2158 1812 in
2179 1735 2244 1810 illo

670 1871 864 1946 adiectum.

821 1995 876 2071 III
902 1997 962 2086 38,
980 2015 998 2070 9
1022 2021 1060 2095 p.
1081 1997 1140 2084 24,
1159 2007 1195 2064 ⁵6
1215 1991 1358 2069 solimm
1373 1993 1564 2094 quicquam
1581 1992 1709 2069 liberae
1726 1991 1863 2067 ciuitmi
1875 1991 2115 2082 Veronensis,
2142 1989 2244 2090 quod

671 2123 846 2200 exhibent
870 2121 1003 2221 reliqui
1029 2120 1180 2196 civitatib
1206 2123 1447 2197 emendarunt
1472 2121 1544 2196 iam
1570 2119 1891 2196 Drakenborchius
1916 2120 2205 2220 Madvigiusque.

823 2247 877 2324 ΙΙΙ
903 2253 1000 2341 42,1ι
1027 2276 1064 2350 p.
1085 2252 1182 2340 tb,t
1207 2273 1406 2348 numquam
1429 2273 1467 2323 ee
1497 2271 1610 2348 aequo
1637 2245 1826 2322 certamini
1849 2246 2107 2322 committentes.
2161 2243 2243 2322 Ger·

672 2375 800 2451 tamini
822 2375 1055 2467 Veronensis,
1082 2375 1214 2476 reliqui
1240 2374 1444 2468 certamim3
1472 2375 1563 2450 illud
1588 2375 1759 2452 dubitans
1785 2373 1871 2450 licet
1887 2384 2131 2476 proposuerat
2155 2371 2243 2450 olim

673 2503 893 2580 Gronovius.
930 2503 1106 2598 Ceterum
1123 2527 1318 2602 numquam
1334 2502 1557 2580 Veronensis
1582 2514 1621 2578 et
1635 2501 1835 2594 Leidensis,
1861 2527 2040 2603 nusquam
2056 2501 2244 2578 Parisinus

673 2643 710 2706 et
735 2632 931 2708 Mediceus.
1219 2727 1223 2739 ¹

824 2757 955 2850 11142,
975 2777 989 2832 t
1008 2784 1045 2859 p.
1064 2761 1125 2849 25,
1145 2777 1179 2834 29
1197 2782 1302 2832 amna
1320 2756 1512 2832 Tacendum
1530 2783 1575 2834 ac
1593 2758 1871 2858 supplantatum
1888 2757 2120 2848 decerrterent,
2144 2757 2244 2854 quod

673 2886 869 2987 proposuit
887 2883 1096 2962 Gronovius
1120 2879 1301 2986 probante
1318 2885 1502 2985 Madvigio
1529 2911 1598 2986 pro
1622 2885 1778 2962 lectione
1799 2885 1937 2960 tradita
1961 2885 2013 2960 ad
2025 2885 2245 2985 suppletum·

674 3026 758 3105 tum,
785 3014 885 3089 visus
910 3039 992 3089 sum
1018 3011 1108 3088 mihi
1133 3010 1264 3112 legisse
1288 3011 1326 3086 in
1351 3010 1564 3089 Veronensi.

825 3139 879 3216 111
904 3143 965 3234 43,
985 3155 1001 3210 6
1027 3167 1063 3242 p.
1084 3143 1144 3232 26,
1164 3153 1199 3210 16
1219 3151 1411 3240 postquam
1435 3141 1572 3214 nullmn
1587 3139 1776 3241 spoliatum
1796 3137 1850 3214 ibi
1869 3163 1998 3240 eorpus
2021 3137 2246 3239 Sicciumque

672 3267 712 3342 in
736 3267 849 3343 uudib
873 3267 1045 3344 iacentem
1070 3273 1248 3342 annonem
1273 3263 1434 3342 omnibus
1459 3265 1499 3342 in
1523 3293 1604 3342 eum
1628 3267 1737 3342 vasu
1762 3265 1966 3367 cmpombus
1992 3264 2105 3342 ridere
2129 3263 2245 3342 Vero·

674 3396 796 3472 nensis
822 3406 923 3470 recte
948 3395 1068 3470 deleta
1093 3393 1274 3492 particula
1302 3417 1379 3494 que,
1411 3420 1507 3495 quae
1531 3395 1570 3470 in
1595 3395 1746 3495 reliquis
1777 3395 1944 3470 adhaesit
1975 3395 2023 3468 ad
2053 3404 2245 3468 circutum.

674 3521 768 3598 Nam
794 3547 868 3597 uua
893 3520 1067 3620 cogitatio
1093 3533 1160 3614 est,
1187 3547 1282 3620 quae
1307 3522 1527 3615 enuntiatur,
1553 3547 1622 3600 nec
1646 3522 1841 3597 incidendo
1868 3521 2113 3597 distrahenda.

827 3647 880 3724 III
906 3653 967 3743 44,
986 3659 1002 3719 t
1028 3675 1065 3750 p.
1086 3651 1146 3739 27,
1168 3665 1184 3722 r
1205 3661 1396 3748 postquam
1422 3649 1544 3724 omnia
1562 3651 1701 3750 paidom
1725 3661 1851 3749 saepta
1867 3647 2116 3724 animaduertit
2130 3647 2245 3724 Vero·

675 3777 807 3868 nensis,
825 3803 900 3852 non
918 3775 1222 3867 aninadumterat,
1240 3787 1283 3850 ut
1298 3777 1448 3876 vulgati.
1477 3775 1642 3853 Offendit
1657 3777 1825 3868 fortasse,
1843 3801 1927 3852 eum
1945 3775 1997 3852 sic
2013 3785 2189 3877 pergatur
2200 3775 2250 3850 ad

675 3903 846 3979 crrcdelem
870 3903 1127 4004 uqrerbamque
1150 3901 1222 3978 vim
1247 3902 1408 3978 aninum
1433 3902 1612 3996 conuertit,
1638 3905 1796 3980 duorum
1821 3903 2094 3979 enuntiatorum
2120 3903 2247 3980 similis

675 4032 807 4108 exitus.

826 4155 881 4232 III
907 4161 1004 4250 44‚s
1030 4185 1066 4258 p.
1086 4159 1147 4250 27,
1169 4177 1202 4229 re
1227 4157 1281 4233 M.
1311 4155 1458 4236 Claudio
1484 4157 1601 4234 clunti
1622 4158 1797 4258 nepotemn
1821 4155 1923 4250 dedet,
1948 4169 1991 4231 ut
2012 4155 2182 4256 cirpinem
2207 4156 2248 4232 in

675 4285 872 4362 amrimtem
904 4285 1077 4360 adamaret
1107 4313 1192 4376 ....;
1224 4286 1319 4384 quod
1343 4297 1447 4386 pater
1473 4287 1612 4386 puellae
1645 4285 1788 4375 aberret,
1826 4285 1941 4361 locum
1975 4281 2131 4360 iniuriae
2162 4309 2245 4360 esse.

676 4411 786 4505 Quod
809 4413 848 4488 in
873 4413 947 4488 fine
972 4413 1113 4488 addunt
1137 4412 1269 4513 reliqui
1293 4412 1378 4488 libri
1401 4423 1503 4487 ratus
1529 4439 1552 4487 a
1575 4411 1779 4488 Veronensi
1804 4414 1919 4504 abest,
1946 4423 2045 4488 recte
2070 4423 2173 4512 puto.

827 4539 891 4632 III,
919 4543 1015 4632 44,s
1040 4566 1077 4641 p.
1098 4542 1159 4631 27,
1178 4559 1212 4608 m
1237 4538 1371 4638 cirpini
1391 4538 1544 4615 venanti
1564 4538 1605 4615 iu
1620 4540 1709 4639 soro
1725 4583 1777 4596 -
1794 4538 1848 4614 ibi
1861 4563 2012 4639 namque
2028 4538 2067 4613 in
2084 4538 2247 4614 taberna·

676 4666 765 4744 culm
784 4666 861 4742 ludi
875 4666 1068 4742 litterarum
1089 4678 1192 4742 aaut
1206 4711 1258 4724 —
1274 4666 1433 4742 miranter
1457 4665 1646 4743 decemuiri
1659 4665 1813 4742 libidinis
1838 4677 1907 4744 cet.
1948 4665 2009 4742 Sic
2025 4664 2248 4744 Veronensis

676 4819 760 4870 oum
779 4792 1025 4870 Vormatiensi
1048 4806 1085 4869 et
1102 4793 1277 4891 Mediceo,
1303 4820 1389 4872 cum
1413 4795 1453 4871 in
1470 4793 1623 4870 utana
1648 4793 1697 4870 sit
1718 4794 1757 4870 in
1773 4793 2067 4870 Nicomachianis
2083 4793 2246 4894 reliquis.

676 4921 759 4998 Hoc
776 4921 839 5022 qui
856 4947 974 5022 nuper
989 4919 1135 4996 Livium
1156 4933 1404 5022 recognorunt
1419 4947 1547 5000 omnes
1563 4922 1753 5000 mmmmm
1769 4931 1917 5022 praeter
1933 4946 2047 4997 unum
2062 4920 2248 4998 Alschefs·
2368 4908 2378 4936 ⁸

675 5047 786 5142 kium,
819 5049 883 5149 qui
908 5048 1053 5126 mallem
1078 5047 1201 5124 nullus
1228 5057 1334 5142 esset,
1361 5050 1554 5151 ipsumque
1578 5050 1804 5150 Madvigium
1830 5049 1988 5148 (emend.
2008 5075 2044 5150 p.
2060 5047 2126 5148 27)
2153 5049 2249 5126 iuter
