5138 6518
662 535 731 610 172

657 737 877 830 barismum,
905 761 979 835 quo
1000 735 1025 810 d
1048 735 1204 811 infertur
1229 735 1267 811 in
1292 734 1439 810 tertiam
1465 733 1659 836 singularis
1676 734 1790 828 verbi,
1818 761 1892 810 non
1919 733 2144 836 deprehendi
2164 734 2234 812 nisi

658 866 698 941 15
722 863 851 966 inquid
880 869 937 955 11,
962 885 1007 938 55.
1039 865 1098 956 13,
1122 875 1168 938 ³6.
1198 866 1258 955 35,
1285 881 1331 937 ¹3.
1360 868 1421 955 54,
1442 881 1494 955 59,
1527 889 1611 939 oum
1641 875 1742 940 reete
1769 863 1950 941 scribatur
1982 861 2098 964 inquit
2123 865 2184 955 54,
2202 872 2232 936 t.

661 997 721 1086 60,
741 1013 787 1067 ao.
820 995 903 1083 119,
924 1011 970 1066 59.
1016 989 1119 1083 Quae
1144 991 1264 1067 forma
1289 991 1368 1067 sola
1393 990 1641 1091 corruptelam
1670 1016 1781 1091 passa
1806 1002 1864 1066 est
1894 991 1991 1067 inter
2015 1001 2075 1066 tot
2099 989 2235 1066 similes

660 1120 737 1196 sine
777 1118 889 1196 dubio
928 1129 1081 1221 propter
1116 1119 1367 1195 confusionem
1403 1118 1463 1190 nt
1492 1109 1554 1211 ἔφη
1582 1143 1667 1195 oum
1699 1143 1744 1195 eo
1778 1120 1878 1218 quod
1910 1129 1967 1194 est
1996 1116 2037 1192 in
2067 1116 2164 1219 quid.
2182 1163 2233 1228 ἢ

660 1246 769 1340 Quod
796 1247 928 1322 attinet
954 1249 1000 1322 ad
1020 1247 1039 1321 5
1063 1258 1149 1347 etp
1176 1247 1366 1340 elementa,
1392 1245 1596 1322 invenimus
1622 1245 1747 1322 scritti
1769 1247 1803 1339 3,
1822 1267 1873 1338 55;
1900 1244 2088 1322 amitteres
2108 1249 2167 1338 16,
2180 1237 2233 1336 555

660 1373 897 1452 555555ίό1555
927 1379 1010 1466 115,
1035 1384 1070 1466 43
1105 1375 1194 1451 item
1221 1373 1353 1450 dilabai
1376 1377 1436 1466 98,
1455 1384 1501 1450 51.
1533 1378 1617 1467 100,
1643 1395 1678 1448 5ο
1704 1375 1761 1472 (at
1787 1373 1935 1475 dilapsis
1962 1377 2021 1466 70,
2039 1374 2110 1472 55);
2144 1373 2234 1450 item

654 1504 759 1604 pleps
784 1507 845 1595 45,
865 1511 912 1576 st.
932 1521 978 1576 57.
1009 1505 1068 1594 69,
1086 1511 1133 1595 n,
1161 1529 1245 1579 oum
1265 1502 1368 1603 plebs
1393 1502 1542 1578 obvium
1568 1502 1633 1594 sit3
1660 1503 1749 1578 item
1775 1501 1931 1602 optinere
1957 1506 2017 1594 50,
2038 1521 2083 1576 is.
2108 1505 2230 1594 741³.

661 1633 722 1722 77,
742 1651 776 1702 55
803 1642 840 1706 et
866 1629 1038 1731 opsn'teise
1065 1633 1100 1722 2,
1120 1653 1171 1723 55,
1207 1656 1291 1707 oum
1315 1641 1507 1731 praeterea
1531 1629 1569 1705 in
1596 1629 1810 1729 compositis
1835 1629 1884 1705 sit
1909 1630 1969 1721 οὒς
2001 1655 2088 1706 nam
2113 1627 2232 1730 oppri-

658 1783 754 1834 mere
780 1758 983 1857 similiaque
1009 1758 1153 1834 diversa
1178 1769 1275 1850 sunt,
1302 1783 1434 1858 nempe
1458 1769 1602 1834 mutata
1628 1760 1677 1834 ob
1703 1756 2019 1833 adsimilationem.

813 1884 916 1978 Quae
942 1886 1079 1963 subieci
1102 1911 1170 1987 per
1195 1897 1358 1961 55555555
1383 1885 1513 1986 collegi
1539 1885 1640 1960 nullo
1667 1885 1810 1960 ordine:

810 2012 942 2088 meiius
969 2018 1029 2106 66,
1048 2034 1094 2106 as,
1121 2011 1192 2089 nisi
1218 2014 1290 2090 hoo
1314 2015 1487 2088 mendum
1513 2024 1580 2090 est.

812 2140 856 2217 56
889 2143 1007 2218 oodex
1037 2141 1257 2218 Veronensis
1290 2141 1427 2243 passim
1451 2140 1556 2216 Livio
1593 2139 1730 2232 reddit,
1769 2141 1830 2217 ubi
1870 2165 1917 2216 ex
1948 2140 2098 2242 reliquis
2127 2138 2230 2215 libris

913 2269 1034 2345 editur
1051 2295 1091 2344 at
1113 2269 1167 2344 ita
1184 2272 1246 2361 46,
1261 2288 1307 2342 55.
1326 2272 1386 2360 47,
1402 2278 1447 2342 at.
1469 2271 1528 2362 56,
1543 2287 1590 2342 55.
1611 2273 1671 2361 57,
1686 2277 1715 2342 t.
1729 2277 1776 2343 ts.
1797 2271 1857 2361 59,
1872 2289 1918 2343 10.
1939 2273 1999 2362 71,
2015 2288 2060 2344 55.
2084 2273 2166 2360 115,
2182 2287 2228 2341 55.

917 2399 1000 2490 119,
1019 2405 1066 2471 sl.
1120 2394 1355 2473 Contrarium
1382 2408 1439 2473 est
1465 2402 1525 2489 55,
1544 2416 1591 2470 su.

812 2523 956 2601 dilectu
982 2549 1124 2627 semper
1150 2534 1206 2600 est
1230 2525 1269 2599 in
1292 2525 1417 2601 oodioe
1442 2549 1561 2622 neque
1588 2549 1761 2623 umquam
1784 2523 1888 2600 aliter
1913 2524 2139 2625 seripserunt
2165 2550 2228 2598 an-

911 2652 1016 2750 tiqui,
1044 2651 1182 2728 soilioet
1206 2679 1280 2727 non
1312 2651 1538 2752 ignorantes,
1574 2653 1673 2750 quod
1702 2652 1812 2727 hodie
1836 2652 1943 2728 multi
1967 2652 2156 2752 ignorant,
2190 2650 2228 2726 in

914 2779 1048 2856 dilectu
1074 2804 1149 2854 non
1181 2791 1260 2854 tam
1296 2778 1355 2880 agi
1391 2781 1436 2856 de
1472 2779 1667 2880 seligendis
1699 2779 1906 2856 fortissimis
1944 2779 2150 2879 quibusque
2183 2805 2229 2854 ex

911 2907 1048 3008 populo
1075 2907 1245 2983 universo
1277 2932 1389 3006 quam
1419 2908 1465 2982 de
1496 2907 1758 2983 distribuendis
1784 2907 1923 2983 civibus
1948 2907 2089 2983 idoneis
2114 2906 2152 2982 in
2177 2907 2229 2983 le·

911 3035 1037 3136 giones
1063 3046 1259 3134 quaternas
1284 3035 1343 3111 vel
1371 3033 1484 3110 binas.
1536 3035 1567 3110 E
1593 3035 1778 3112 contrario
1810 3031 1963 3134 diripere
1993 3036 2094 3134 quod
2118 3035 2228 3111 hodie

913 3162 1055 3238 obtinet
1081 3162 1312 3262 obtinuitque
1336 3162 1410 3238 iam
1434 3162 1589 3240 labentis
1611 3163 1664 3238 rei
1688 3163 1857 3266 publioae
1875 3163 2062 3238 Romanae
2085 3173 2228 3263 tempo·

912 3289 1024 3382 ribus,
1051 3301 1090 3364 et
1105 3290 1349 3388 veriloquium
1366 3290 1583 3366 barbarismi
1600 3290 1786 3367 oonvmoit
1801 3301 1841 3366 et
1861 3290 1970 3383 tituli,
1998 3290 2061 3389 qui
2080 3290 2228 3389 quidem

912 3419 1031 3493 bonae
1057 3417 1188 3494 aetatis
1214 3418 1298 3511 sint,
1325 3417 1593 3494 eonsentientes
1617 3418 1656 3493 in
1681 3419 1801 3494 forma
1826 3443 1920 3516 quae
1946 3429 2003 3494 est
2029 3417 2196 3517 55555555.

811 3541 1000 3646 Esquiliae
1018 3547 1118 3644 qnod
1131 3545 1277 3646 legitur
1294 3549 1354 3639 43,
1369 3564 1415 3621 ³7.
1428 3567 1475 3638 ⁵0,
1502 3546 1580 3622 sine
1606 3546 1717 3622 dubio
1743 3547 2002 3646 grammaticus
2027 3546 2064 3620 in
2081 3545 2227 3620 Livium
2267 3643 2271 3650 Ι

909 3671 1034 3749 intulit
1057 3684 1209 3774 propter
1233 3673 1474 3773 veriloquium
1505 3675 1581 3750 sive
1606 3698 1734 3748 verum
1760 3673 1837 3750 sive
1861 3674 2010 3764 falsum,
2044 3683 2144 3750 uerte
2168 3697 2226 3748 re·

911 3810 1076 3903 neptum3
1108 3827 1193 3876 nam
1224 3800 1478 3903 inscriptiones
1511 3827 1594 3879 oum
1625 3799 1663 3875 in
1692 3800 1773 3902 ipsa
1801 3801 1919 3878 tribus
1938 3795 2040 3876 ‘nota
2063 3827 2082 3877 5
2107 3801 2226 3877 solum

910 3927 1119 4019 admittant,
1151 3928 1315 4004 devera
1345 3928 1528 4030 scriptura
1559 3929 1727 4004 dubitare
1757 3955 1832 4004 non
1863 3929 1999 4022 sinunt,
2026 3955 2138 4029 qnam
2167 3930 2226 4005 his

911 4080 1057 4154 quoque
1080 4055 1171 4132 loeis
1196 4056 1280 4132 libri
1300 4054 1573 4133 Nicomachiani
1595 4068 1787 4132 servarunt
1811 4057 1994 4155 tertioque
2010 4060 2071 4149 41,
2085 4075 2121 4129 sa
2138 4057 2226 4158 ‘ipse

910 4182 1142 4259 Veronensis.

808 4309 984 4412 55511555
1009 4310 1212 4412 similiaque
1239 4335 1283 4387 ea
1315 4309 1492 4387 divisione
1527 4337 1637 4410 quam
1670 4311 1827 4388 indicavi
1858 4338 1933 4388 non
1962 4311 2083 4388 minus
2115 4335 2225 4414 saepe
2335 4342 2339 4349 ·

908 4437 1053 4538 reppen‘
1081 4443 1141 4531 50,
1156 4457 1203 4512 sa.
1232 4441 1292 4531 87,
1308 4460 1354 4514 1¹.
1385 4440 1469 4531 102,
1487 4458 1533 4513 sa.
1563 4442 1681 4532 lons
1708 4465 1819 4540 quam
1844 4438 2050 4540 5515155555
2075 4445 2221 4535 10415.

910 4565 1113 4663 similisque
1140 4569 1200 4658 58,
1219 4585 1265 4640 55.
1298 4569 1380 4658 108,
1399 4586 1446 4640 55.
1466 4585 1511 4643 ⁵9.
1543 4570 1626 4659 109,
1645 4577 1691 4644 19.

808 4703 955 4768 tronum
967 4695 1027 4786 65,
1041 4711 1076 4767 55
1095 4702 1131 4769 et
1149 4695 1371 4787 1555515136,
1387 4713 1440 4786 273
1458 4705 1499 4770 at
1516 4695 1722 4794 deussene,
1741 4695 1941 4788 tromlutta,
1957 4694 2222 4796 narmm'prare,

909 4833 1135 4912 nannents,
1155 4833 1383 4898 1555555555.

808 4949 1039 5040 15555205
1069 4950 1205 5047 (tn-ror
1229 4961 1287 5027 est
1313 4951 1373 5044 62,
1390 4950 1444 5049 65)
1468 4950 1666 5026 videndum
1691 4975 1781 5026 num
1813 4949 1893 5028 aliis
1927 4949 2104 5055 exemplis
2135 4977 2223 5028 oon-

907 5076 1083 5152 firmetur.
