5138 6518
1843 562 1913 635 157

485 755 596 835 Hunc
643 755 757 859 igitur
796 758 962 835 laborem
1003 781 1071 860 per
1107 757 1192 860 plus
1229 757 1497 862 quinquaginta
1539 787 1674 854 annos,
1714 773 1915 864 postquam

334 884 497 966 codicem
540 885 711 988 repperit
744 885 879 980 Maius,
931 885 1086 962 vixdum
1119 885 1337 964 'incohatum
1376 890 1527 965 tandem
1573 915 1642 990 ego
1685 890 1830 990 suscepi
1875 900 1913 967 et

335 1013 479 1091 absolvi
513 1011 700 1090 mensibus
736 1013 869 1116 Aprili
891 1013 991 1091 ldeio
1025 1013 1131 1090 Iunio
1169 1041 1202 1090 a
1242 1015 1338 1090 1867
1372 1015 1552 1092 Veronae.
1611 1016 1684 1093 Sed
1716 1016 1813 1094 ratio
1845 1017 1913 1094 ha·

335 1141 456 1218 benda
484 1151 566 1217 erat
589 1151 629 1215 et
656 1141 852 1243 temporis,
885 1141 987 1242 quod
1011 1140 1102 1218 mihi
1126 1140 1207 1232 aliis
1237 1168 1386 1244 quoque
1415 1145 1546 1220 eodem
1576 1155 1744 1246 tempore
1782 1145 1913 1222 studiis

337 1268 481 1345 intento
506 1269 556 1345 ad
580 1266 726 1346 Livium
756 1293 948 1370 superesse
976 1268 1154 1362 viderem,
1185 1280 1225 1346 et
1248 1270 1449 1364 commodi,
1481 1273 1584 1373 quod
1613 1271 1651 1348 in
1682 1272 1793 1350 crisin
1817 1271 1912 1348 Livii

333 1397 560 1478 redundaret
588 1421 636 1472 ex
666 1396 739 1472 hoc
769 1393 865 1472 libro
897 1396 1005 1497 plene
1035 1421 1202 1489 excusm,
1234 1422 1308 1472 non
1341 1400 1548 1499 spernendo
1580 1425 1679 1492 sane,
1708 1401 1773 1476 sed
1789 1399 1911 1476 Plauti

334 1523 579 1600 Ambrosiano
619 1534 657 1600 et
693 1521 932 1600 Verrinarum
966 1523 1158 1602 Vaticano·
1183 1523 1257 1600 lide
1293 1526 1594 1628 praestantiaque
1628 1527 1787 1603 minime
1817 1527 1909 1629 pari.

333 1649 465 1752 ltaque
490 1676 565 1728 non
590 1647 676 1728 hoc'
689 1651 763 1752 egi,
794 1662 838 1727 ut
866 1650 1062 1752 imaginem
1088 1651 1225 1729 codicis
1254 1652 1366 1728 talem
1396 1655 1728 1754 repraesentarem,
1764 1656 1911 1755 qualem

333 1779 393 1855 vel
423 1778 524 1880 typis
554 1777 719 1854 exhiberi
747 1803 859 1880 posse
890 1778 1099 1879 aliquando.
1119 1778 1388 1856 demonstrabit
1417 1781 1605 1883 exemplar
1633 1780 1794 1858 Plautini
1826 1783 1911 1860 libn·

334 1904 700 2000 Studemundianum,
727 1908 794 1983 sed
818 1903 911 1983 satis
932 1905 1158 2008 habuiquae
1175 1907 1356 1984 elementa
1370 1907 1424 1984 ita
1442 1908 1564 1985 oculis
1576 1909 1909 2010 deprehendissem,

334 2045 377 2114 ut
402 2033 449 2110 de
473 2033 518 2110 iis
542 2032 634 2118 mihi
659 2030 749 2111 satis
773 2032 972 2126 constaret,
999 2059 1044 2110 ea
1067 2033 1107 2110 in
1132 2034 1287 2112 schedas
1309 2035 1448 2112 referre
1472 2047 1511 2112 et
1534 2037 1681 2138 publice
1701 2061 1911 2139 preponere

331 2162 536 2238 secundum
566 2160 720 2263 paginas
752 2185 953 2262 versusque
984 2160 1121 2238 codicis
1145 2161 1395 2264 interposih‘s,
1430 2164 1492 2240 ubi
1524 2163 1556 2240 is
1587 2163 1728 2256 hiabat,
1760 2165 1910 2266 supple·

332 2289 483 2382 mentis3
516 2314 602 2364 nam
626 2289 719 2366 haec
744 2287 779 2366 si
802 2285 1017 2382 omisissem,
1044 2288 1127 2365 usui
1145 2287 1265 2366 molto
1281 2289 1403 2367 minus
1427 2291 1550 2368 habile
1575 2292 1784 2393 exemplum
1808 2293 1910 2369 futu·

332 2441 417 2494 rum
440 2415 572 2496 luisset
595 2441 665 2493 neo
689 2413 845 2518 propter
868 2441 932 2492 eas
948 2415 1136 2494 molestias
1152 2416 1282 2494 melius
1299 2417 1491 2495 certiusve.
1540 2421 1722 2496 Accurate
1747 2432 1787 2496 et
1801 2419 1910 2521 plene

333 2567 423 2622 num
447 2541 725 2646 repraesentata
753 2543 828 2620 sint
857 2568 952 2645 quae
983 2555 1182 2645 supersunt
1209 2542 1249 2620 in
1277 2544 1421 2642 codiee,
1446 2546 1663 2623 iudicabunt
1688 2547 1752 2648 qui
1777 2561 1910 2650 postea

333 2695 418 2748 eum
442 2665 726 2772 recognoscent3
760 2696 829 2772 ego
853 2671 925 2749 feci
958 2672 1070 2773 quod·
1088 2671 1207 2773 potui,
1238 2697 1315 2750 non
1347 2675 1417 2749 usu
1448 2673 1628 2752 eiusmodi
1659 2674 1809 2768 lectioni
1841 2677 1907 2751 ad·

332 2799 529 2891 suefactue,
555 2801 621 2875 sed
646 2797 794 2875 adiutus
806 2796 934 2875 'libera
955 2799 1194 2901 usurpatione
1210 2823 1436 2876 venenorum
1460 2801 1713 2903 chymioorum
1734 2827 1909 2881 concessa

332 2927 440 3004 nobis
457 2925 808 3028 apraestaut‘nsimo
825 2926 1069 3004 bibliothecae
1094 2926 1172 3003 eius
1192 2927 1473 3006 bibliothecario
1499 2939 1536 3004 et
1561 2929 1600 3005 in
1624 2929 1695 3007 hac
1720 2929 1909 3008 academia

333 3053 474 3156 collega
490 3052 624 3131 Oarolo
642 3051 842 3146 (idolici-io,¹
855 3053 919 3155 qui
938 3055 1029 3130 item
1043 3053 1222 3156 permisit,
1240 3065 1284 3130 ut
1298 3054 1389 3132 folia
1404 3057 1703 3134 examinarentur
1720 3057 1907 3160 compagi·

331 3183 403 3259 bus
419 3182 560 3276 solutis,
577 3181 617 3257 id
632 3183 736 3280 quod
751 3181 789 3258 in
808 3181 997 3283 plicaturis
1013 3205 1237 3285 magnopere
1253 3182 1409 3283 profuit}
1428 3181 1576 3260 adiutus
1592 3184 1682 3260 item
1698 3185 1746 3260 ab
1764 3185 1907 3286 optimo

333 3310 452 3388 amico
478 3303 517 3386 et
539 3309 715 3411 perillus
740 3305 888 3386 menses
909 3307 1126 3386 suavissimo
1152 3309 1405 3386 contubernali
1431 3307 1614 3387 Gulielmo
1640 3311 1907 3406 Studemundo,

333 3438 397 3539 qui
426 3462 527 3514 cum‘
545 3432 654 3514 simul
679 3435 848 3514 Veronae
883 3438 1098 3538 degeremus
1121 3434 1267 3512 Livium
1298 3441 1368 3538 eg'o
1393 3447 1641 3538 pertractans,
1673 3439 1736 3515 ille
1760 3436 1906 3534 Gaium,

329 3561 470 3642 laboris
504 3564 626 3642 socius
659 3559 750 3640 mihi
782 3566 904 3642 factus
941 3560 1206 3666 saepenumero
1243 3566 1325 3667 ope
1354 3574 1394 3641 et
1420 3565 1584 3643 consilio
1625 3589 1685 3642 me
1722 3566 1907 3662 sustinuit,

331 3703 376 3770 ut
400 3703 458 3769 eat
481 3690 692 3768 huiusmodi
717 3691 985 3770 scrutationum
1000 3691 1113 3768 hodie
1128 3690 1237 3769 facile
1252 3690 1416 3769 omnium
1432 3693 1685 3794 peritissimus.
1732 3693 1816 3773 Hoc
1832 3721 1907 3774 non

330 3819 446 3912 licuit,
473 3813 575 3921 qnod
593 3819 737 3896 'vellem'
755 3819 928 3914 hcuisset,
955 3831 998 3896 ut
1015 3819 1184 3898 codicem
1206 3819 1431 3921 descriptum
1455 3819 1589 3898 iterum
1605 3846 1908 3922 recognoscerem

330 3958 453 4024 totum
480 3941 686 4048 ductusque
708 3946 888 4023 evanidos
915 3959 953 4023 et
976 3945 1112 4049 magna
1136 3973 1184 4024 ex
1208 3959 1316 4049 parte
1342 3946 1575 4023 oblitteratas
1601 3959 1770 4049 tempore
1794 3948 1907 4026 inter·

331 4075 456 4177 posito
474 4067 595 4154 denno
613 4071 871 4151 examinarem.
907 4073 985 4152 Nec
1001 4087 1125 4152 tamen
1144 4085 1344 4176 propterea
1359 4074 1569 4177 exemplum
1588 4075 1723 4152 diutius
1739 4101 1908 4177 premere

330 4202 449 4294 volui,
477 4203 579 4303 quod
602 4200 901 4279 tamdiu'litteris
926 4203 1098 4296 debetur;
1130 4201 1245 4280 satius
1275 4202 1373 4278 euim
1397 4201 1517 4280 visum
1548 4212 1606 4278 est
1629 4203 1816 4280 incurrere
1841 4203 1907 4280 ali·

332 4329 482 4431 quando
508 4323 772 4431 descriptorem
795 4329 834 4404 in
858 4325 1163 4431 reprehensiones
1180 4331 1359 4432 quasdam
1376 4355 1488 4431 quam
1513 4329 1719 4431 gravissimi
1743 4331 1907 4408 auctoris

330 4449 620 4534 vetustissimum
651 4456 786 4532 librum
817 4456 954 4535 diutius
984 4455 1110 4534 latere.
1171 4457 1343 4536 (letarum
1375 4457 1526 4534 adhibui
1556 4457 1595 4534 in
1626 4457 1753 4536 codice
1778 4483 1906 4562 recog·

332 4587 519 4662 noscendo
545 4583 743 4661 editionem
768 4583 914 4662 unicam
945 4611 1057 4685 quam
1080 4585 1259 4662 habemus
1289 4585 1357 4661 tali
1386 4596 1589 4688 apparatu,
1622 4587 1769 4688 qualem
1793 4586 1906 4664 hodie

331 4711 563 4812 requirimus,
590 4711 820 4813 aliquatenus
845 4723 946 4790 certe
969 4711 1188 4790 insu-uctam
1216 4724 1265 4805 et,
1291 4723 1335 4789 ut
1359 4713 1649 4814 omnium'quae
1674 4725 1804 4790 artam
1828 4713 1907 4790 sine

333 4838 447 4915 dubio
472 4840 583 4942 longe
608 4838 857 4932 deterrimam,
886 4839 941 4916 ita
966 4865 990 4915 a
1014 4839 1183 4918 codicum
1208 4839 1367 4918 lectione
1395 4839 1581 4918 rarissime
1610 4843 1842 4918 recedentem
1868 4853 1907 4919 et

331 4977 487 5069 propter
511 4966 551 5044 id
581 4966 703 5070 ipsum
733 4966 765 5046 si
794 4966 858 5044 alii
890 4967 998 5061 nulli,
1036 4978 1135 5048 certe
1167 4966 1379 5044 huiusmodi
1407 4967 1556 5070 negotio
1587 4968 1747 5046 maxime
1779 4979 1905 5071 aptam

330 5093 657 5172 Alschefskianam.
713 5094 808 5173 Item
833 5095 1064 5197 ubicumque
1078 5096 1138 5174 vel
1163 5094 1331 5174 lectionis
1363 5095 1556 5174 diversitas
1588 5096 1647 5172 vel
1678 5096 1790 5174 etiam
1821 5122 1906 5176 cum
